%% This BibTeX bibliography file was created using BibDesk.
%% http://bibdesk.sourceforge.net/

%% Created for Konstantinos Bekris at 2018-04-20 17:28:12 -0400 


%% Saved with string encoding Unicode (UTF-8) 
% ~\cite{Dogar-2011-7322,Dogar22012}
@String { AAAI     = {Proceedings AAAI National Conference on Artificial Intelligence} }
@String { AIJ      = {Artificial Intelligence Journal} }
@String { AIM      = {AI Magazine} }
@String { AR       = {Autonomous Robots} }
@String { ASMEJ    = {Transactions of the ASME, Journal of Dynamical Systems, Measurement, \& Control} }
@String { CACM     = {Communications of the ACM} }
@String { CAGD     = {Computer Aided Geometric Design} }
@String { CCCG     = {Proceedings Canadian Conference on Computational Geometry} }
@String { CDC      = {Proceedings IEEE Conference on Decision \& Control} }
@String { CG       = {Proceedings ACM Symposium on Computational Geometry} }
@String { CGA      = {IEEE Computer Graphics \& Applications} }
@String { CGIP     = {Computer Graphics and Image Processing} }
@String { COMPUTER = {IEEE Computer} }
@String { CVGIP    = {Computer Vision, Graphics, and Image Processing} }
@String { CVPR     = {Proceedings IEEE Conference on Computer Vision and Pattern Recognition} }
@String { EJOR     = {European Journal of Operational Research} }
@String { EXPERT   = {IEEE Expert} }
@String { FOCS     = {Proceedings IEEE Symposium on Foundations of Computer Science} }
@String { ICCV     = {Proceedings International Conference on Computer Vision} }
@String { ICML     = {Proceedings International Conference on Machine Learning} }
@String { ICRA     = {Proceedings IEEE International Conference on Robotics \& Automation} }
@String { IEEE     = {Proceedings of the {IEEE}} }
@String { IEEEDE   = {IEEE Conference on Data Engineering} }
@String { IEEESIC  = {IEEE Symposium on Intelligent Control} }
@String { IJCAI    = {Proceedings International Joint Conference on Artificial Intelligence} }
@String { IJCGA    = {International Journal Computational Geometry \& Applications} }
@String { IJCV     = {International Journal of Computer Vision} }
@String { IJRR     = {International Journal of Robotics Research} }
@String { IJRS     = {International Journal of Robotic Systems} }
@String { IPL      = {Information Processing Letters} }
@String { IPSN     = {ACM/IEEE International Conference on Information Processing in Sensor Networks} }
@String { IROS     = {Proceedings IEEE/RSJ International Conference on Intelligent Robots \& Systems} }
@String { ISRR     = {Proceedings International Symposium on Robotics Research} }
@String { JACM     = {Journal of the ACM} }
@String { JAIR     = {Journal of Artificial Intelligence Research} }
@String { JFR      = {Journal of Field Robotics} }
@String { JOTA     = {Journal of Optimization Theory \& Applications} }
@String { JRA      = {IEEE Journal of Robotics \& Automation} }
@String { LNCS     = {Lecture Notes in Computer Science} }
@String { MOR      = {Mathematics of Operations Research} }
@String { MP       = {Mathematical Programming} }
@String { MS       = {Management Science} }
@String { PAMI     = {IEEE Transactions Pattern Analysis Machine Intelligence} }
@String { RAM      = {IEEE Robotics and Automation Magazine} }
@String { RSS      = {Robotics: Science and Systems} }
@String { SJC      = {SIAM Journal on Computing} }
@String { SJCO     = {SIAM Journal on Control \& Optimization} }
@String { SJNA     = {SIAM Journal on Numerical Analysis} }
@String { SMC      = {IEEE Transactions on Systems, Man, \& Cybernetics} }
@String { SMCCONF  = {Proceedings IEEE International Conference on Systems, Man, \& Cyberetics} }
@String { SOCG     = {Proceedings ACM Symposium on Computational Geometry} }
@String { SODA     = {Proceedings ACM-SIAM Symposium on Discrete Algorithms} }
@String { STOC     = {Proceedings ACM Symposium on Theory of Computing} }
@String { TAC      = {IEEE Transactions on Automatic Control} }
@String { TASE     = {IEEE Transactions on Automation Science and Engineering} }
@String { TCS      = {Theoretical Computer Science} }
@String { TOR      = {IEEE Transactions on Robotics} }
@String { TRA      = {IEEE Transactions on Robotics \& Automation} }
@String { WAFR     = {Proceedings Workshop on Algorithmic Foundations of Robotics} }

@inproceedings{shome2019towards,
  title={Towards robust product packing with a minimalistic end-effector},
  author={Shome, Rahul and Tang, Wei N and Song, Changkyu and Mitash, Chaitanya and Kourtev, Hristiyan and Yu, Jingjin and Boularias, Abdeslam and Bekris, Kostas E},
  booktitle={2019 International Conference on Robotics and Automation (ICRA)},
  pages={9007--9013},
  year={2019},
  organization={IEEE}
}

@conference{Boularias-2014-7951,
author = {Abdeslam Boularias and J. Andrew (Drew) Bagnell and Anthony (Tony) Stentz},
title = {Efficient Optimization for Autonomous Robotic Manipulation of Natural Objects},
booktitle = {Proceedings of the Twenty-Eighth AAAI Conference on Artificial Intelligence (AAAI)},
year = {2014},
month = {November},
pages = {2520-2526},
publisher = {AAAI},
keywords = {Robotics, Grasping, Manipulation, Learning, Autonomous},
}

@inproceedings{Boularias:2015:LMU:2887007.2887192,
 author = {Boularias, Abdeslam and Bagnell, J. Andrew and Stentz, Anthony},
 title = {Learning to Manipulate Unknown Objects in Clutter by Reinforcement},
 booktitle = {Proceedings of the Twenty-Ninth AAAI Conference on Artificial Intelligence},
 series = {AAAI'15},
 year = {2015},
 isbn = {0-262-51129-0},
 location = {Austin, Texas},
 pages = {1336--1342},
 numpages = {7},
 url = {http://dl.acm.org/citation.cfm?id=2887007.2887192},
 acmid = {2887192},
 publisher = {AAAI Press},
} 

@INPROCEEDINGS{DBLP:journals/corr/abs-1804-05172, 
    AUTHOR    = {Douglas Morrison AND Juxi Leitner AND Peter Corke}, 
    TITLE     = {Closing the Loop for Robotic Grasping: A Real-time, Generative Grasp Synthesis Approach}, 
    BOOKTITLE = {Proceedings of Robotics: Science and Systems}, 
    YEAR      = {2018}, 
    ADDRESS   = {Pittsburgh, Pennsylvania}, 
    MONTH     = {June}, 
    DOI       = {10.15607/RSS.2018.XIV.021} 
} 
  

@article{Bohg:2014:DGS:2714095.2714355,
 author = {Bohg, Jeannette and Morales, Antonio and Asfour, Tamim and Kragic, Danica},
 title = {Data-Driven Grasp Synthesis: A Survey},
 journal = {Trans. Rob.},
 issue_date = {April 2014},
 volume = {30},
 number = {2},
 month = apr,
 year = {2014},
 issn = {1552-3098},
 pages = {289--309},
 numpages = {21}
 } 
 
 @inproceedings{hinterstoisser2012model,
  title={Model based training, detection and pose estimation of texture-less 3d objects in heavily cluttered scenes},
  author={Hinterstoisser, Stefan and Lepetit, Vincent and Ilic, Slobodan and Holzer, Stefan and Bradski, Gary and Konolige, Kurt and Navab, Nassir},
  booktitle={Asian conference on computer vision},
  pages={548--562},
  year={2012},
  organization={Springer}
}
 
@article{Sahbani:2012:OOG:2109688.2109859,
 author = {Sahbani, A. and El-Khoury, S. and Bidaud, P.},
 title = {An Overview of 3D Object Grasp Synthesis Algorithms},
 journal = {Robot. Auton. Syst.},
 issue_date = {March, 2012},
 volume = {60},
 number = {3},
 month = mar,
 year = {2012},
 pages = {326--336}
} 

@article{doi:10.1177/027836499601500302,
author = {K.B. Shimoga},
title ={Robot Grasp Synthesis Algorithms: A Survey},
journal = {The International Journal of Robotics Research},
volume = {15},
number = {3},
pages = {230-266},
year = {1996},
}
@inproceedings{mahler2017binpicking,
  title = 	 {Learning Deep Policies for Robot Bin Picking by Simulating Robust Grasping Sequences},
  author = 	 {Jeffrey Mahler and Ken Goldberg},
  booktitle = 	 {Proceedings of the 1st Annual Conference on Robot Learning},
  pages = 	 {515--524},
  year = 	 {2017},
  editor = 	 {Sergey Levine and Vincent Vanhoucke and Ken Goldberg},
  volume = 	 {78},
  series = 	 {Proceedings of Machine Learning Research},
  address = 	 {},
  month = 	 {13--15 Nov},
  publisher = 	 {PMLR}
}
@article{Martello:2000,
 author = {Martello, Silvano and Pisinger, David and Vigo, Daniele},
 title = {The Three-Dimensional Bin Packing Problem},
 journal = {Oper. Res.},
 issue_date = {March 2000},
 volume = {48},
 number = {2},
 month = mar,
 year = {2000},
 issn = {0030-364X},
 pages = {256--267},
 numpages = {12},
 url = {http://dx.doi.org/10.1287/opre.48.2.256.12386},
 doi = {10.1287/opre.48.2.256.12386},
 acmid = {768761},
 publisher = {INFORMS},
 address = {Institute for Operations Research and the Management Sciences (INFORMS), Linthicum, Maryland, USA}
} 
@Article{Berkey1987,
author="Berkey, J. O.
and Wang, P. Y.",
title="Two-Dimensional Finite Bin-Packing Algorithms",
journal="Journal of the Operational Research Society",
year="1987",
month="May",
day="01",
volume="38",
number="5",
pages="423--429",
doi="10.1057/jors.1987.70",
url="https://doi.org/10.1057/jors.1987.70"
}
@inproceedings{Albers:1998:AAF:314613.314718,
 author = {Albers, Susanne and Mitzenmacher, Michael},
 title = {Average-case Analyses of First Fit and Random Fit Bin Packing},
 booktitle = {Proceedings of the Ninth Annual ACM-SIAM Symposium on Discrete Algorithms},
 series = {SODA '98},
 year = {1998},
 isbn = {0-89871-410-9},
 location = {San Francisco, California, USA},
 pages = {290--299},
 numpages = {10},
 url = {http://dl.acm.org/citation.cfm?id=314613.314718},
 acmid = {314718},
 publisher = {Society for Industrial and Applied Mathematics},
 address = {Philadelphia, PA, USA},
} 

@article{Hayashi2014,
  title={Automation technologies for strawberry harvesting and packing operations in Japan 1},
  author={Hayashi, Shigehiko and Yamamoto, Satoshi and Tsubota, Shogo and Ochiai, Yoshiji and Kobayashi, Ken and Kamata, Junzo and Kurita, Mitsutaka and Inazumi, Hiroyuki and Peter, Rajendra},
  journal={Journal of Berry Research},
  volume={4},
  number={1},
  pages={19--27},
  year={2014},
  publisher={IOS Press}
}

@INPROCEEDINGS{Dogar-2011-7322, 
    AUTHOR    = {Mehmet Dogar AND Siddhartha Srinivasa}, 
    TITLE     = {A Framework for Push-Grasping in Clutter}, 
    BOOKTITLE = {Proceedings of Robotics: Science and Systems}, 
    YEAR      = {2011}, 
    ADDRESS   = {Los Angeles, CA, USA}, 
    MONTH     = {June},
    DOI       = {10.15607/RSS.2011.VII.009} 
} 

@INPROCEEDINGS{xiang2017posecnn, 
    AUTHOR    = {Yu Xiang AND Tanner Schmidt AND Venkatraman Narayanan AND Dieter Fox}, 
    TITLE     = {PoseCNN: A Convolutional Neural Network for 6D Object Pose Estimation in Cluttered Scenes}, 
    BOOKTITLE = {Proceedings of Robotics: Science and Systems}, 
    YEAR      = {2018}, 
    ADDRESS   = {Pittsburgh, Pennsylvania}, 
    MONTH     = {June}, 
    DOI       = {10.15607/RSS.2018.XIV.019} 
} 
 
 @Article{Dogar22012,
author={{M. Dogar and S. Srinivasa}},
title="A Planning Framework for Non-Prehensile Manipulation under Clutter and Uncertainty",
journal="Autonomous Robots",
year="2012",
month="Oct",
day="01",
volume="33",
number="3",
pages="217--236"}

@inproceedings{brachmann2014learning,
  title={Learning 6d object pose estimation using 3d object coordinates},
  author={Brachmann, Eric and Krull, Alexander and Michel, Frank and Gumhold, Stefan and Shotton, Jamie and Rother, Carsten},
  booktitle={European conference on computer vision},
  pages={536--551},
  year={2014},
  organization={Springer}
}
@inproceedings{michel2017global,
  	title={Global Hypothesis Generation for 6D Object Pose Estimation},
  	author={Michel, Frank and Kirillov, Alexander and Brachmann, Eric and Krull, Alexander and Gumhold, Stefan and Savchynskyy, Bogdan and Rother, Carsten},
  	booktitle={Proceedings of the IEEE Conference on Computer Vision and Pattern Recognition},
pages={462--471},
year={2017}}
 @article{mitash2018robust,
  title={Robust 6D Object Pose Estimation with Stochastic Congruent Sets},
  author={Mitash, Chaitanya and Boularias, Abdeslam and Bekris, Kostas},
  journal={arXiv preprint arXiv:1805.06324},
  year={2018}
}
@inproceedings{narayanan2016discriminatively,
  title={Discriminatively-guided Deliberative Perception for Pose Estimation of Multiple 3D Object Instances.},
  author={Narayanan, Venkatraman and Likhachev, Maxim},
  booktitle={Robotics: Science and Systems},
  year={2016}
}
@article{mitash2017improving,
  title={Improving 6D Pose Estimation of Objects in Clutter via Physics-aware Monte Carlo Tree Search},
  author={Mitash, Chaitanya and Boularias, Abdeslam and Bekris, Kostas E},
  journal={arXiv preprint arXiv:1710.08577},
  year={2017}
}

@inproceedings{Enright:2011:OCA:2908675.2908681,
 author = {Enright, John J. and Wurman, Peter R.},
 title = {Optimization and Coordinated Autonomy in Mobile Fulfillment Systems},
 booktitle = {Proc. of the 9th AAAI Conference on Automated Action Planning for Autonomous Mobile Robots},
 year = {2011},
 pages = {33--38},
 numpages = {6}
} 

@inproceedings{tmk-cap13,
	Author = {Matthew Turpin and Nathan Michael and Vijay Kumar},
	Booktitle = {ICRA},
	Title = {Concurrent assignment and planning of trajectories for large teams of interchangeable robots},
	Year = {2013}}

@article{abhs-unlabeled14,
	Author = {Aviv Adler and Mark de Berg and Dan Halperin and Kiril Solovey},
	Journal = {{IEEE} T. Automation Science and Engineering},
	Number = {4},
	Title = {Efficient Multi-Robot Motion Planning for Unlabeled Discs in Simple Polygons},
	Volume = {12},
	Year = {2015}}

@inproceedings{SolYuZamHal15,
	Author = {Kiril Solovey and Jingjin Yu and Or Zamir and Dan Halperin},
	Booktitle = {Robotics: Science and Systems},
	Title = {Motion Planning for Unlabeled Discs with Optimality Guarantees},
	Year = {2015}}

@inproceedings{Johnson-RSS-16,
	Address = {AnnArbor, Michigan},
	Author = {Jeffrey Kane Johnson},
	Booktitle = {Proceedings of Robotics: Science and Systems},
	Doi = {10.15607/RSS.2016.XII.030},
	Month = {June},
	Title = {A Novel Relationship Between Dynamics and Complexity in Multi-agent Collision Avoidance},
	Year = {2016},
	Bdsk-Url-1 = {https://dx.doi.org/10.15607/RSS.2016.XII.030}}

@article{hss-cmpmio,
	Author = {John E.\ Hopcroft and Jacob T.\ Schwartz and Micha Sharir},
	Journal = {International Journal of Robotics Research},
	Number = {4},
	Title = {On the Complexity of Motion Planning for Multiple Independent Objects; {PSPACE}-Hardness of the ``{W}arehouseman's Problem''},
	Volume = {3},
	Year = {1984}}

@article{SalSolHal16,
	Author = {O. Salzman and K. Solovey and D. Halperin},
	Journal = {IEEE Robotics and Automation Letters},
	Number = {2},
	Title = {Motion Planning for Multilink Robots by Implicit Configuration-Space Tiling},
	Volume = {1},
	Year = {2016}}

@inproceedings{AtiSolHal17,
	Address = {Cambridge, Massachusetts},
	Author = {Aviel Atias AND Kiril Solovey AND Dan Halperin},
	Booktitle = {Proceedings of Robotics: Science and Systems},
	Doi = {10.15607/RSS.2017.XIII.022},
	Month = {July},
	Title = {Effective Metrics for Multi-Robot Motion-Planning},
	Year = {2017},
	Bdsk-Url-1 = {https://dx.doi.org/10.15607/RSS.2017.XIII.022}}

@article{sy-snp84,
	Author = {Paul G. Spirakis and Chee-Keng Yap},
	Journal = {Information Processing Letters},
	Number = {1},
	Title = {Strong {NP}-Hardness of Moving Many Discs},
	Volume = {19},
	Year = {1984}}

@article{SolHal16j,
	Author = {Kiril Solovey and Dan Halperin},
	Journal = {I. J. Robotics Res.},
	Number = {14},
	Title = {On the hardness of unlabeled multi-robot motion planning},
	Volume = {35},
	Year = {2016}}

@inproceedings{ErdLoz86,
	Author = {M. A. Erdmann and T. Lozano-P\'erez},
	Booktitle = {ICRA},
	Title = {On Multiple Moving Objects},
	Year = {1986}}

@article{GhrOkaLav05,
	Author = {R. Ghrist and J. M. O'Kane and S. M. LaValle},
	Journal = {IJRR},
	Number = {11},
	Title = {{Computing Pareto Optimal Coordinations on Roadmaps}},
	Volume = {24},
	Year = {2005}}

@article{LavHut98b,
	Author = {S. M. LaValle and S. A. Hutchinson},
	Journal = {TRA},
	Number = {6},
	Title = {Optimal Motion Planning for Multiple Robots Having Independent Goals},
	Volume = {14},
	Year = {1998}}

@incollection{PenAke02,
	Address = {Berlin},
	Author = {J. Peng and S. Akella},
	Booktitle = {Algorithmic Foundations of Robotics {V}},
	Editor = {J.-D. Boissonat and J. Burdick and K. Goldberg and S. Hutchinson},
	Publisher = {Springer-Verlag},
	Title = {Coordinating Multiple Robots with Kinodynamic Constraints Along Specified Paths},
	Year = {2002}}

@inproceedings{BerOve05,
	Author = {Jur van den Berg and Mark H.\ Overmars},
	Booktitle = {International Conference on Intelligent Robots and Systems (IROS)},
	Title = {Prioritized motion planning for multiple robots},
	Year = {2005}}

@inproceedings{sl-upp,
	Author = {Gildardo S{\'{a}}nchez{-}Ante and Jean{-}Claude Latombe},
	Booktitle = {ICRA},
	Title = {Using a {PRM} Planner to Compare Centralized and Decoupled Planning for Multi-Robot Systems},
	Year = {2002}}

@inproceedings{bslm-cppmr,
	Author = {	Jur van den Berg AND Jack Snoeyink AND Ming C.\ Lin AND Dinesh Manocha},
	Booktitle = {Robotics: Science and Systems},
	Title = {Centralized Path Planning for Multiple Robots: Optimal Decoupling into Sequential Plans},
	Year = {2009}}

@inproceedings{kh-pppi05,
	Author = {Stephen Kloder and Seth Hutchinson},
	Booktitle = {ICRA},
	Title = {Path Planning for Permutation-Invariant Multi-Robot Formations},
	Year = {2005}}

@inproceedings{OdoLoz89,
	Author = {P. A. O'Donnell and T. Lozano-P\'{e}rez},
	Booktitle = {ICRA},
	Title = {Deadlock-Free and Collision-Free Coordination of Two Robot Manipulators},
	Year = 1989}

@article{shh12,
	Author = {Oren Salzman and Michael Hemmer and Dan Halperin},
	Journal = {{IEEE} T. Automation Science and Engineering},
	Number = {2},
	Title = {On the Power of Manifold Samples in Exploring Configuration Spaces and the Dimensionality of Narrow Passages},
	Volume = {12},
	Year = {2015}}

@article{Marble:2013aa,
	Author = {Marble, J. and Bekris, K. E.},
	Date-Added = {2017-10-14 05:19:13 +0000},
	Date-Modified = {2017-10-14 05:19:53 +0000},
	Journal = {{IEEE Transactions on Robotics}},
	Number = {2},
	Title = {{Asymptotically Near-Optimal Planning with Probabilistic Roadmap Spanners}},
	Volume = {29},
	Year = {2013}}

@article{Dobson:2014aa,
	Author = {Dobson, A. and Bekris, K. E.},
	Date-Added = {2017-10-14 05:18:17 +0000},
	Date-Modified = {2017-10-14 05:18:56 +0000},
	Journal = {Intern. Journal of Robotics Research (IJRR)},
	Number = {1},
	Title = {{Sparse Roadmap Spanners for Asymptotically Near-Optimal Motion Planning}},
	Volume = {33},
	Year = {2014}}

@inproceedings{Dobson:2017aa,
	Author = {Dobson, A. and Solovey, K. and Shome, R. and Halperin, D. and Bekris, K. E.},
	Booktitle = {MRS},
	Date-Modified = {2018-04-20 21:27:34 +0000},
	Title = {{Scalable Asymptotically-Optimal Multi-Robot Motion Planning}},
	Year = {2017},
	Bdsk-Url-1 = {https://www.cs.rutgers.edu/~ajd223}}

@inproceedings{ELM15a,
	Author = {Edward Schmerling and Lucas Janson and Marco Pavone},
	Booktitle = {IEEE International Conference on Robotics and Automation (ICRA)},
	Date-Modified = {2017-10-14 05:24:13 +0000},
	Title = {Optimal sampling-based motion planning under differential constraints: The driftless case},
	Year = {2015}}

@inproceedings{ELM15b,
	Author = {Edward Schmerling and Lucas Janson and Marco Pavone},
	Booktitle = {IEEE Conference on Decision and Control (CDC)},
	Date-Modified = {2017-10-14 05:24:29 +0000},
	Title = {Optimal sampling-based motion planning under differential constraints: The drift case with linear affine dynamics},
	Year = {2015}}

@conference{Tang2015Complete-Multi,
	Address = {Sestri Levante, Italy},
	Author = {S. Tang and V. Kumar},
	Booktitle = {International Symposium on Robotics Research (ISRR)},
	Month = {September},
	Title = {{A Complete Algorithm for Generating Safe Trajectories for Multi-Robot Teams}},
	Url = {http://www.seas.upenn.edu/~sytang/docs/2015ISRR.pdf},
	Year = {2015},
	Bdsk-Url-1 = {http://www.seas.upenn.edu/~sytang/docs/2015ISRR.pdf}}

@inbook{vandenberg2011Reciprocal-Collision,
	Author = {{Van Den Berg}, Jur and Guy, {Stephen J.} and Ming Lin and Dinesh Manocha},
	Booktitle = {Robotics Research - The 14th International Symposium (ISRR)},
	Edition = {STAR},
	Number = {STAR},
	Series = {Springer Tracts in Advanced Robotics},
	Title = {{Reciprocal n-body collision avoidance}},
	Volume = {70},
	Year = {2011}}

@article{Schwartz1983Coordinated-Piano,
	Author = {Jacob T. Schwartz and Micha Sharir},
	Doi = {10.1177/027836498300200304},
	Eprint = {http://dx.doi.org/10.1177/027836498300200304},
	Journal = {IJRR},
	Number = {3},
	Title = {{On the Piano Movers' Problem: III. Coordinating the Motion of Several Independent Bodies: The Special Case of Circular Bodies Moving Amidst Polygonal Barriers}},
	Url = {http://dx.doi.org/10.1177/027836498300200304},
	Volume = {2},
	Year = {1983},
	Bdsk-Url-1 = {http://dx.doi.org/10.1177/027836498300200304}}

@article{Peng2005Kinodynamic-Coord,
	Author = {Jufeng Peng and Srinivas Akella},
	Doi = {10.1177/0278364905051974},
	Eprint = {http://dx.doi.org/10.1177/0278364905051974},
	Journal = {IJRR},
	Number = {4},
	Title = {{Coordinating Multiple Robots with Kinodynamic Constraints Along Specified Paths}},
	Url = {http://dx.doi.org/10.1177/0278364905051974},
	Volume = {24},
	Year = {2005},
	Bdsk-Url-1 = {http://dx.doi.org/10.1177/0278364905051974}}

@article{SoloveySH16:ijrr,
	Author = {Kiril Solovey and Oren Salzman and Dan Halperin},
	Bibsource = {dblp computer science bibliography, http://dblp.org},
	Journal = {IJRR},
	Number = {5},
	Timestamp = {Thu, 18 May 2017 09:55:02 +0200},
	Title = {Finding a needle in an exponential haystack: Discrete {RRT} for exploration of implicit roadmaps in multi-robot motion planning},
	Volume = {35},
	Year = {2016}
	}

@book{Snell2012:intro_prob,
	Address = {Providence, RI},
	Author = {Charles Grinstead and J. Snell},
	Publisher = {American Mathmatical Society},
	Title = {Introduction to Probability},
	Year = {2012}}

@article{kolountzakis1998analysis,
	Author = {Kavraki, Lydia E and Kolountzakis, M. N. and Latombe, Jean-Claude},
	Doi = {10.1109/70.660866},
	Journal = {IEEE Transactions on Robotics and Automation},
	Keywords = {fundamentals of sampling-based motion planning},
	Number = {1},
	Title = {Analysis of Probabilistic Roadmaps for Path Planning},
	Volume = {14},
	Year = {1998},
	Bdsk-Url-1 = {http://dx.doi.org/10.1109/70.660866}}

@incollection{HsuKav98,
	Address = {Wellesley, MA},
	Author = {D. Hsu and L.E. Kavraki and J.C. Latombe and R. Motwani and S. Sorkin},
	Booktitle = {'WAFR'},
	Editor = {P.K. Agarwal and others},
	Publisher = {A. K. Peters},
	Title = {On finding narrow passages with probabilistic roadmap planners},
	Year = {1998}}

@article{Pavone:2015fmt,
	Author = {Janson, L. and Schmerling, A. and Clark, A. and Pavone, M.},
	Date-Added = {2015-04-04 02:05:38 +0000},
	Date-Modified = {2015-04-04 02:06:22 +0000},
	Journal = {IJRR},
	Number = {7},
	Title = {{Fast Marching Tree: a Fast marching Sampling-Based Method for Optimal Motion Planning in Many Dimensions}},
	Volume = {34},
	Year = {2015}}

@inproceedings{Shi_Amato2014Narrow,
	Author = {Shi, K. and Denny, J. and Amato, N.M.},
	Booktitle = {ICRA},
	Date-Added = {2016-03-28 02:59:42 +0000},
	Date-Modified = {2016-03-28 03:00:40 +0000},
	Title = {{Spark PRM: Using RRTs Within PRMs to Efficiently Explore Narrow Passages}},
	Year = {2014}}

@inproceedings{Solovey_2016_rss,
	Author = {Solovey, K. and Salzman, O. and Halperin, D.},
	Booktitle = {Robotics Science and Systems (RSS)},
	Date-Added = {2016-01-18 02:59:42 +0000},
	Date-Modified = {2016-01-18 03:00:40 +0000},
	Title = {{New Perspective on Sampling-based Motion Planning via Random Geometric Graphs}},
	Year = {2016}}

@inproceedings{Vega-Brown:2016_MMAO,
	Author = {Vega-Brown, W. and Roy, N.},
	Booktitle = {WAFR},
	Date-Added = {2017-02-15 16:39:42 +0000},
	Date-Modified = {2017-02-15 16:40:14 +0000},
	Title = {{Asymptotically Optimal Planning under Piecewise-analytic Constraints}},
	Year = {2016}}

@inproceedings{Dobson:2015_Finite,
	Author = {Dobson, A. and Moustakides, G. and Bekris, K. E.},
	Booktitle = {IEEE International Conference on Robotics and Automation (ICRA)},
	Date-Added = {2017-03-28 16:38:23 +0000},
	Date-Modified = {2017-03-28 16:39:17 +0000},
	Title = {{Geometric Probability Results For Bounding Path Quality In Sampling-Based Roadmaps After Finite Computation}},
	Year = {2015}}

@inproceedings{Dobson:2015_MAM,
	Author = {Dobson, A. and Bekris, K. E.},
	Booktitle = {IEEE/RSJ Intern. Conf. on Intelligent Robots and Systems (IROS)},
	Date-Added = {2017-02-15 16:38:23 +0000},
	Date-Modified = {2017-10-14 05:20:39 +0000},
	Title = {{Planning Representations and Algorithms for Prehensile Multi-Arm Manipulation}},
	Year = {2015}}

@inproceedings{Barry:2013,
	Author = {Barry, J. and Kaelbling, L.P. and Lozano-P\'{e}rez, T.},
	Booktitle = {ICRA},
	Title = {{A Hierarchical Approach to Manipulation with Diverse Actions}},
	Year = {2013}}

@inproceedings{Lagriffoul:2012hs,
	Author = {Lagriffoul, F. and Dimitrov, D. and Saffiotti, A. and Karlsson, L.},
	Booktitle = {IEEE/RSJ International Conference on Intelligent Robots and Systems (IROS)},
	Date-Added = {2015-01-19 19:52:38 +0000},
	Date-Modified = {2015-01-19 19:52:38 +0000},
	Title = {{Constraint Propagation on Interval Bounds for Dealing with Geometric Backtracking}},
	Year = {2012}}

@inproceedings{Dornhege:2013if,
	Author = {Dornhege, C. and Hertle, A. and Nebel, B.},
	Booktitle = {IROS Workshop on AI-based Robotics},
	Date-Added = {2015-01-19 19:40:10 +0000},
	Date-Modified = {2015-01-19 19:40:52 +0000},
	Title = {{Lazy Evaluation and Subsubmption Caching for Search-based Integrated Task and Motion Planning}},
	Year = {2013}}

@article{Svestka:1998ud,
	Author = {Svestka, P. and Overmars, M.},
	Date-Added = {2015-01-18 05:34:17 +0000},
	Date-Modified = {2015-01-18 05:34:55 +0000},
	Journal = {Robotics and Autonomous Systems},
	Title = {{Coordinated Path Planning for Multiple Robots}},
	Volume = {23},
	Year = {1998}}

@article{sh-kcolor14,
	Author = {Kiril Solovey and Dan Halperin},
	Journal = {International Journal of Robotic Research},
	Number = {1},
	Title = {{\it k}-{C}olor multi-robot motion planning},
	Volume = {33},
	Year = {2014}}

@inproceedings{kms-cpmg,
	Author = {Kornhauser, D. and Miller, G. and Spirakis, P.},
	Booktitle = {Foundations of Computer Science (FOCS)},
	Numpages = {10},
	Publisher = {IEEE Computer Society},
	Title = {Coordinating Pebble Motion On Graphs, The Diameter Of Permutation Groups, And Applications},
	Year = {1984}}

@inproceedings{LunBek11,
	Author = {Ryan Luna and Kostas E. Bekris},
	Booktitle = {Conference on Artificial Intelligence, San Francisco, California, USA},
	Title = {An Efficient and Complete Approach for Cooperative Path-Finding},
	Year = {2011}}

@inproceedings{YuLav12WAFR,
	Author = {Jingjin Yu and Steven M. LaValle},
	Booktitle = {WAFR},
	Title = {Multi-agent Path Planning and Network Flow},
	Year = 2012}

@inproceedings{hh-hmp,
	Author = {Shai Hirsch and Dan Halperin},
	Booktitle = {WAFR},
	Publisher = {Springer},
	Title = {Hybrid Motion Planning: Coordinating Two Discs Moving Among Polygonal Obstacles in the Plane},
	Year = {2002}}

@inproceedings{YuLav13ICRA-A,
	Author = {J. Yu and S. M. LaValle},
	Booktitle = {ICRA},
	Title = {Planning Optimal Paths for Multiple Robots on Graphs},
	Year = {2013}}

@inproceedings{KroETAL14,
	Author = {A. Krontiris and R. Shome and A. Dobson and A. Kimmel and K. Bekris},
	Booktitle = {Humanoids},
	Title = {Rearranging similar objects with a manipulator using pebble graphs},
	Year = {2014}}

@article{Wagner:2015bd,
	Author = {Wagner, G. and Choset, H.},
	Date-Added = {2015-01-18 05:12:45 +0000},
	Date-Modified = {2015-01-18 05:13:39 +0000},
	Journal = {Artificial Intelligence Journal},
	Title = {{Subdimensional Expansion for Multirobot Path Planning}},
	Volume = {219},
	Year = {2015}}

@inproceedings{Solovey:2014qc,
	Author = {Solovey, K. and Salzman, O. and Halperin, D.},
	Booktitle = {WAFR},
	Date-Added = {2015-01-18 02:59:42 +0000},
	Date-Modified = {2015-01-18 03:00:40 +0000},
	Title = {{Finding a Needle in an Exponential Haystack: Discrete RRT for Exploration of Implicit Roadmaps in Multi-Robot Motion Planning}},
	Year = {2014}}

@article{Hauser:2008ss,
	Author = {Hauser, K. and Bretl, T. and Latombe, J.-C. and Harada, K. and Wilcox, B.},
	Date-Added = {2015-01-18 02:05:38 +0000},
	Date-Modified = {2015-01-18 02:06:22 +0000},
	Journal = {IJRR},
	Number = {11-12},
	Title = {{Motion Planning for Legged Robots on Varied Terrain}},
	Volume = {27},
	Year = {2008}}

@article{Balaguer:2011fc,
	Author = {Balaguer, B. and Carpin, S.},
	Date-Added = {2015-01-17 23:33:44 +0000},
	Date-Modified = {2015-01-17 23:34:34 +0000},
	Journal = {International Journal of Humanoid Robotics},
	Number = {3},
	Title = {{A learning method to determine how to approach an unknown object to be grasped}},
	Volume = {8},
	Year = {2011}}

@inproceedings{Gravot:2001rq,
	Author = {Gravot, F. and Alami, R.},
	Booktitle = {IEEE International Conference on Robotics and Automation (ICRA)},
	Date-Added = {2015-01-17 23:27:40 +0000},
	Date-Modified = {2015-01-17 23:28:24 +0000},
	Title = {{An Extension of the Plan-Merging Paradigm for Multi-robot Coordination}},
	Year = {2001}}

@inproceedings{Gravot:2003kh,
	Author = {Gravot, F. and Alami, R.},
	Booktitle = {IEEE Intern. Conf. on Robotics and Automation (ICRA)},
	Date-Added = {2015-01-17 22:57:42 +0000},
	Date-Modified = {2017-10-14 05:21:13 +0000},
	Title = {{A Method for Handling Multiple Roadmaps and Its Use for Complex Manipulation Planning}},
	Year = {2003}}

@inproceedings{Erdem:2011cq,
	Author = {Erdem, E. and Haspalamutgil, K. and Palaz, C. and Patoglu, V. and Uras, T.},
	Booktitle = {IEEE Internation Conference on Robotics and Automation (ICRA)},
	Date-Added = {2015-01-17 21:48:33 +0000},
	Date-Modified = {2015-01-17 22:05:02 +0000},
	Title = {{Combining High-Level Causal Reasoning with Low-Level Geometric Reasoning and Motion Planning for Robotic Manipulation}},
	Year = {2011}}

@inproceedings{Koga:1994mb,
	Author = {Koga, Y. and Kondo, K. and Kuffner, J. J. and Latombe, J.-C.},
	Booktitle = {Proc. of SIGGRAPH},
	Date-Added = {2015-01-17 21:43:57 +0000},
	Date-Modified = {2015-01-17 21:44:29 +0000},
	Title = {{Planning Motions with Intentions}},
	Year = {1994}}

@inproceedings{Kaelbling:2011gb,
	Author = {Kaelbling, L. P. and Lozano-P\'{e}rez, T.},
	Booktitle = {IEEE International Conference on Robotics and Automation (ICRA)},
	Date-Added = {2015-01-17 21:12:46 +0000},
	Date-Modified = {2015-01-17 21:13:39 +0000},
	Title = {{Hierarchical Task and Motion Planning in the Now}},
	Year = {2011}}

@inproceedings{Garrett:2014jl,
	Author = {Garrett, C. R. and Lozano-P\'{e}rez, T. and Kaelbling, L. P.},
	Booktitle = {WAFR},
	Date-Added = {2015-01-17 20:38:46 +0000},
	Date-Modified = {2015-01-17 20:40:17 +0000},
	Title = {{FFRob: An Efficient Heuristic for Task and Motion Planning}},
	Year = {2014}}

@inproceedings{Han:2000zt,
	Author = {Han, L. and Amato, N. M.},
	Booktitle = {WAFR},
	Date-Added = {2015-01-17 20:31:56 +0000},
	Date-Modified = {2015-01-17 20:32:30 +0000},
	Title = {{A Kinematics-based Probability Roadmap Method for Closed Chain Systems}},
	Year = {2000}}

@inproceedings{McMahon:2014il,
	Author = {McMahon, T. and Thomas, S. L. and Amato, N. M.},
	Booktitle = {IEEE/RSJ International Conference on Intelligent Robots and Systems (IROS)},
	Date-Added = {2015-01-17 20:29:43 +0000},
	Date-Modified = {2015-01-17 20:31:04 +0000},
	Title = {{Sampling-based Motion Planning with Reachable Volumes: Application to Manipulators and Closed-chain Systems}},
	Year = {2014}}

@inproceedings{Wolfe:2010tw,
	Author = {Wolfe, J. and Marthi, B. and Russell, S.},
	Booktitle = {International Conference on Automated Planning and Scheduling (ICAPS)},
	Date-Added = {2015-01-17 20:27:37 +0000},
	Date-Modified = {2015-01-17 20:29:00 +0000},
	Title = {{Combined Task and Motion Planning for Mobile Manipulation}},
	Year = {2010}}

@article{Plaku:2009qo,
	Author = {Plaku, E. and Kavraki, L. E. and Vardi, M.},
	Date-Added = {2015-01-17 20:23:53 +0000},
	Date-Modified = {2015-01-17 20:25:00 +0000},
	Journal = {Formal Methods in System Design},
	Number = {2},
	Title = {{Hybrid systems: From Verification to Falsification by Combining Motion Planning and Discrete Search}},
	Volume = {34},
	Year = {2009}}

@inproceedings{Saut:2010ye,
	Author = {Saut, J.-P. and Gharbi, M. and Cort\'{e}s, J. and Sidobre, D. and Sim\'{e}on, T.},
	Booktitle = {IEEE/RSJ International Conference on Intelligent Robots and Systems (IROS)},
	Date-Added = {2015-01-17 20:08:13 +0000},
	Date-Modified = {2015-01-17 20:10:01 +0000},
	Title = {{Planning Pick-and-Place Tasks with Two-Hand Regrasping}},
	Year = {2010}}

@inproceedings{Gharbi:2009fu,
	Author = {Gharbi, M. and Cort\'{e}s, J. and Sim\'{e}on, T.},
	Booktitle = {IROS},
	Date-Added = {2015-01-17 19:56:36 +0000},
	Date-Modified = {2015-01-17 19:57:28 +0000},
	Title = {{Roadmap Composition for Multi-Arm Systems Path Planning}},
	Year = {2009}}

@inproceedings{Yamada:1995lh,
	Author = {Yamada, Y. and Nagamatsu, S. and Sato, Y.},
	Booktitle = {IEEE International Conference on Robotics and Automation (ICRA)},
	Date-Added = {2015-01-17 19:49:10 +0000},
	Date-Modified = {2015-01-17 19:49:46 +0000},
	Title = {{Development of Multi-arm Robots for Automobile Assembly}},
	Year = {1995}}

@inproceedings{Cortes:2004ff,
	Author = {Cort\'{e}s, J. and Sim\'{e}on, T.},
	Booktitle = {WAFR},
	Date-Added = {2015-01-17 19:41:21 +0000},
	Date-Modified = {2015-01-17 19:42:01 +0000},
	Title = {{Sampling-based Motion Planning under Kinematic Loop Closure Constraints}},
	Year = {2004}}

@article{Yakey:2001pi,
	Author = {Yakey, J. and LaValle, S. M. and Kavraki, L. E.},
	Date-Added = {2015-01-17 19:39:17 +0000},
	Date-Modified = {2015-01-17 19:39:54 +0000},
	Journal = {{IEEE Transactions on Robotics and Automation}},
	Number = {6},
	Title = {{Randomized Path Planning for Linkages with Closed Kinematic Chains}},
	Volume = {17},
	Year = {2001}}

@article{Trinkle:2002mi,
	Author = {Trinkle, J. C. and Milgram, R. J.},
	Date-Added = {2015-01-17 19:23:24 +0000},
	Date-Modified = {2015-01-17 19:34:51 +0000},
	Journal = {IJRR},
	Number = {9},
	Title = {"Complete path planning for closed kinematic chains with spherical joints"},
	Volume = {21},
	Year = {2002}}

@inproceedings{Srivastava:2014qa,
	Author = {Srivastava, S. and Fang, E. and Riano, L. and Chitnis, R. and Russell, S. and Abbeel, P.},
	Booktitle = {IEEE International Conference on Robotics and Automation (ICRA)},
	Date-Added = {2015-01-17 19:19:11 +0000},
	Date-Modified = {2015-01-17 19:20:14 +0000},
	Title = {{Combined Task and Motion Planning through an Extensible Planner-Independent Interface Layer}},
	Year = {2014}}

@inproceedings{Katz:2008kl,
	Author = {Katz, D. and Pyuro, Y. and Brock, O.},
	Booktitle = {Robotics: Science and Systems (RSS)},
	Date-Added = {2015-01-17 05:27:18 +0000},
	Date-Modified = {2015-01-17 05:28:12 +0000},
	Title = {{Learning to Manipulate Articulated Objects in Unstructured Environments Using a Grounded Relational Representation}},
	Year = {2008}}

@inproceedings{cite-key,
	Date-Added = {2015-01-17 05:25:19 +0000},
	Date-Modified = {2015-01-17 05:26:24 +0000}}

@inproceedings{Deisenroth:2011fu,
	Author = {Deisenroth, M. and Rasmussen, C. and Fox, D.},
	Booktitle = {Robotics: Science and Systems (RSS)},
	Date-Added = {2015-01-17 05:23:25 +0000},
	Date-Modified = {2015-01-17 05:24:10 +0000},
	Title = {{Learning to Control a Low-Cost Manipulator using Data-Efficient Reinforcement Learning}},
	Year = {2011}}

@inproceedings{Manubens:2013dz,
	Author = {Manubens, M. and Devaurs, D. and Ros, L. and Cort\'{e}s, J.},
	Booktitle = {Robotics: Science and Systems (RSS)},
	Date-Added = {2015-01-17 05:18:34 +0000},
	Date-Modified = {2015-01-17 05:19:10 +0000},
	Title = {{Motion Planning for 6-D Manipulation with Aerial Towed-Cable Systems}},
	Year = {2013}}

@inproceedings{Koval:2014fv,
	Author = {Koval, M. and Pollard, N. and Srinivasa, S. S.},
	Booktitle = {Robotics: Science and Systems (RSS)},
	Date-Added = {2015-01-17 05:14:54 +0000},
	Date-Modified = {2015-01-17 05:17:47 +0000},
	Title = {{Pre- and Post-Contact Policy Decomposition for Planar Contact Manipulation Under Uncertainty}},
	Year = {2014}}

@inproceedings{Katz:2013bs,
	Author = {Katz, D. and Venkatraman, A. and Kazemi, M. and Bagnell, D. and Stentz, A.},
	Booktitle = {Robotics: Science and Systems (RSS)},
	Date-Added = {2015-01-17 05:13:18 +0000},
	Date-Modified = {2015-01-17 05:14:19 +0000},
	Title = {{Perceiving, Learning and Exploiting Object Affordances for Autonomous Pile Manipulation}},
	Year = {2013}}

@inproceedings{Kenney:2009ij,
	Author = {Kenney, J. and Buckley, T. and Brock, O.},
	Booktitle = {IEEE International Conference on Robotics and Automation (ICRA)},
	Date-Added = {2015-01-17 05:09:35 +0000},
	Date-Modified = {2015-01-17 05:10:16 +0000},
	Title = {{Interactive Segmentation for Manipulation in Unstructured Environments}},
	Year = {2009}}

@inproceedings{Sung:2013hc,
	Author = {Sung, J. and Selman, B.. and Saxena, A.},
	Booktitle = {ICML Workshop on Prediction with Sequential Models},
	Date-Added = {2015-01-17 04:49:04 +0000},
	Date-Modified = {2015-01-17 19:55:45 +0000},
	Title = {{Learning Sequences of Controllers for Complex Manipulation Tasks}},
	Year = {2013}}

@inproceedings{Abdo:2013tg,
	Author = {Abdo, N. and Kretzschmar, H. and Spinello, L. and Stachniss, C.},
	Booktitle = {IEEE Int. Conf. on Robotics and Automation (ICRA)},
	Date-Added = {2015-01-17 04:46:59 +0000},
	Date-Modified = {2015-01-17 19:53:29 +0000},
	Title = {{Learning Manipulation Actions from a Few Demonstrations}},
	Year = {2013}}

@article{Cohen:2013kl,
	Author = {Cohen, B. and Chitta, S. and Likhachev, M.},
	Date-Added = {2015-01-17 04:41:05 +0000},
	Date-Modified = {2015-01-18 20:30:53 +0000},
	Journal = {IJRR (IJRR)},
	Title = {{Single- and dual-arm motion planning with heuristic search}},
	Year = {2013}}

@article{Bicchi:2000oq,
	Author = {Bicchi, A. and Prattichizzo, D.},
	Date-Added = {2015-01-17 02:54:29 +0000},
	Date-Modified = {2015-01-18 20:31:30 +0000},
	Journal = {IEEE Transaction on Robotics and Automation},
	Month = {August},
	Number = {4},
	Title = {{Manipulability of cooperating robots with unactuated and closed-chain mechanisms'}},
	Volume = {16},
	Year = {2000}}

@inproceedings{Smith:2012nx,
	Author = {Smith, C. and Karayiannidis, Y. and Nalpantidis, L. and Gratal, X. and Qi, P. and Dimarogonas, D. V. and Kragic, D.},
	Booktitle = {Robotics and Autonomous Systems},
	Date-Added = {2015-01-17 02:07:51 +0000},
	Date-Modified = {2015-01-17 02:09:00 +0000},
	Number = {10},
	Title = {{Dual-arm Manipulation: A Survey}},
	Volume = {60},
	Year = {2012}}

@inproceedings{Dragan:2011cr,
	Author = {Dragan, A. and Gordon, G. and Srinivasa, S.},
	Booktitle = {International Symposium on Robotics Research (ISRR)},
	Date-Added = {2015-01-17 01:43:40 +0000},
	Date-Modified = {2015-01-17 01:59:10 +0000},
	Title = {{Learning from Experience in Manipulation Planning: Setting the Right Goals}},
	Year = {2011}}

@inproceedings{Chavan-Dafle:2014dq,
	Author = {Chavan-Dafle, N. and Rodriguez, A. and Paolini, R. and Tang, B. and Srinivasa, S. and Erdmann, M. and Mason, M. T. and Lundberg, I. and Staab, H. and Fuhlbrigge, T.},
	Booktitle = {ICRA},
	Date-Added = {2015-01-17 01:24:10 +0000},
	Date-Modified = {2015-01-17 02:40:27 +0000},
	Title = {{Extrinsic Dexterity: In-hand Manipulation with External Forces}},
	Year = {2014}}

@inproceedings{Fink:2008bh,
	Author = {Fink, J. and Ani Hsieh, M. and Kumar, V.},
	Booktitle = {IEEE International Conference on Robotics and Automation},
	Date-Added = {2015-01-17 01:16:44 +0000},
	Date-Modified = {2015-01-17 01:17:27 +0000},
	Title = {{Multi-robot Manipulation via Caging in Environments with Obstacles}},
	Year = {2008}}

@inproceedings{Hauser:2010qf,
	Author = {Hauser, K. and Latombe, J.-C.},
	Booktitle = {IJRR},
	Date-Added = {2015-01-17 01:14:32 +0000},
	Date-Modified = {2015-01-17 01:15:17 +0000},
	Number = {897-915},
	Title = {{Multi-modal Motion Planning in Non-Expansive Spaces}},
	Volume = {29},
	Year = {2010}}

@inproceedings{Paljug:1992ve,
	Author = {Paljug, E. and Sugar, T. and Kumar, V. and Yun, X.},
	Booktitle = {IEEE International Conference on Robotics and Automation},
	Date-Added = {2015-01-17 01:09:53 +0000},
	Date-Modified = {2015-01-17 01:10:40 +0000},
	Title = {{Important Considerations in Force Control with Applications to Multi-Arm Manipulation}},
	Year = {1992}}

@inproceedings{Cheng:2008ly,
	Author = {Cheng, P. and Fink, J. and Kumar, V.},
	Booktitle = {Robotics: Science and Systems},
	Date-Added = {2015-01-17 01:04:12 +0000},
	Date-Modified = {2015-01-17 01:04:48 +0000},
	Title = {``Abstractions and Algorithms for Cooperative Multiple Robot Planar Manipulation''},
	Year = {2008}}

@inproceedings{Fink:2011zr,
	Author = {Fink, J. and Michael, N. and Kim, S. and Kumar, V.},
	Booktitle = {International Journal of Robotics Research},
	Date-Added = {2015-01-17 00:58:22 +0000},
	Date-Modified = {2015-01-17 00:59:05 +0000},
	Number = {3},
	Title = {{Planning and Control for Cooperative Manipulation and Transportation with Aerial Robots}},
	Volume = {30},
	Year = {2011}}

@inproceedings{Sreenath:2013ys,
	Address = {Berlin, Germany},
	Author = {Sreenath, K. and Kumar, V.},
	Booktitle = {Robotics: Science and Systems (RSS)},
	Date-Added = {2015-01-17 00:56:51 +0000},
	Date-Modified = {2015-01-17 00:57:23 +0000},
	Title = {{Dynamics, Control and Planning for Cooperative Manipulation of Payloads Suspended by Cables from Multiple Quadrotor Robots}},
	Year = {2013}}

@inproceedings{Lindzey:2014vn,
	Address = {Istanbul, Turkey},
	Author = {Lindzey, L. and Knepper, R. A. and Choset, H. and Srinivasa, S. S.},
	Booktitle = {WAFR},
	Date-Added = {2015-01-17 00:43:59 +0000},
	Date-Modified = {2015-01-17 19:55:07 +0000},
	Title = {{The Feasible Transition Graph: Encoding Topology and Manipulation Constraints for Multirobot Push-Planning}},
	Year = {2014}}

@inproceedings{DBLP:conf/icra/LindemannL04,
	Author = {Stephen R. Lindemann and Steven M. LaValle},
	Booktitle = {IEEE Intern. Conf. on Robotics and Automation (ICRA)},
	Date-Modified = {2017-10-14 05:23:19 +0000},
	Title = {Incrementally Reducing Dispersion by Increasing Voronoi Bias in RRTs},
	Year = {2004},
	Bdsk-Url-1 = {https://doi.org/10.1109/ROBOT.2004.1308755},
	Bdsk-Url-2 = {http://dx.doi.org/10.1109/ROBOT.2004.1308755}}

@article{Stilman:2010kx,
	Author = {Stilman, M.},
	Date-Added = {2015-01-16 04:33:55 +0000},
	Date-Modified = {2015-01-16 04:35:37 +0000},
	Journal = {{IEEE Transactions on Robotics}},
	Number = {3},
	Title = {{Global Manipulation Planning in Robot Joint Space with Task Constraints}},
	Volume = {26},
	Year = {2010}}

@inproceedings{Dacre-Wright:1992uq,
	Author = {Dacre-Wright, B. and Laumond, J.-P. and Alami, R.},
	Booktitle = {IEEE International Conference on Robotics and Automation},
	Date-Added = {2015-01-15 19:37:18 +0000},
	Date-Modified = {2015-01-17 19:54:03 +0000},
	Title = {{Motion Planning for a Robot and a Movable Object Amidst Polygonal Obstacles}},
	Year = {1992}}

@inproceedings{Koga:1994fk,
	Author = {Koga, Y. and Latombe, J.-C.},
	Booktitle = {Prof. of the IEEE Intern. Conference on Robotics and Automation (ICRA)},
	Date-Added = {2015-01-15 19:15:11 +0000},
	Date-Modified = {2015-01-17 19:54:40 +0000},
	Title = {{On Multi-arm Manipulation Planning}},
	Year = {1994}}

@inproceedings{Okamura2000An-Overview,
	Address = {San Francisco, CA},
	Author = {Okamura, A. and Smaby, N. and Cutkosky, M.},
	Date-Added = {2014-12-18 20:45:23 +0000},
	Date-Modified = {2014-12-18 20:47:33 +0000},
	Month = {April},
	Organization = {IEEE Internation Conference on Robotics and Automation},
	Publisher = {IEEE},
	Title = {{An Overview of Dexterous Manipulation}},
	Volume = {1},
	Year = {2000}}

@article{Bullock2013A-Hand-Centric,
	Author = {Bullock, I. and Ma, R. and Dollar, A.},
	Date-Added = {2014-12-18 20:37:58 +0000},
	Date-Modified = {2014-12-18 20:40:01 +0000},
	Journal = {{IEEE Transactions on Haptics}},
	Month = {April},
	Number = {2},
	Title = {{A Hand-Centric Classisfication of Human and Robot Dexterous Manipulation}},
	Volume = {6},
	Year = {2013}}

@inproceedings{Likhachev2004ARAstar,
	Address = {Cambridge, Ma},
	Author = {Likhachev, M. and Gordon, G. and Thrun, S.},
	Date-Added = {2014-12-18 19:57:05 +0000},
	Date-Modified = {2014-12-18 19:59:42 +0000},
	Organization = {Advances in Neural Information Processing and Systems (NIPS)},
	Publisher = {MIT Press},
	Title = {{ARA*: Anytime A* with Provable Bounds on Sub-Optimality}},
	Year = {2004}}

@conference{Kuperberg1990Polytopes,
	Author = {Kuperberg, W.},
	Date-Added = {2014-12-18 18:54:19 +0000},
	Date-Modified = {2014-12-18 18:58:36 +0000},
	Month = {Jaunary},
	Organization = {DIMACS: Workshop on Polytopes},
	Title = {{Problems on Polytopes and Convex Sets}},
	Year = {1990}}

@article{Rodriguez2007From-Caging,
	Author = {Rodriguez, A. and Mason, M. and Ferry, S.},
	Date-Added = {2014-12-18 17:34:42 +0000},
	Date-Modified = {2014-12-18 17:39:16 +0000},
	Journal = {IJRR},
	Month = {May},
	Title = {{From Caging to Grapsing}},
	Volume = {33},
	Year = {2007}}

@inproceedings{Leroy1999Multipath-Coordination,
	Author = {Leroy, S. and Laumond, J.P. and Sim\'eon},
	Booktitle = {Intern. Joint Conf. on Artificial Intelligence (IJCAI)},
	Date-Added = {2017-06-7 17:34:42 +0000},
	Date-Modified = {2017-10-14 05:22:23 +0000},
	Title = {{Multiple Path Coordination for Mobile Robots: A Geometric Algorithm}},
	Year = {1999}}

@inproceedings{Dornhege2009Integrating,
	Address = {Denver, CO},
	Author = {Dornhege, C. and Gissler, M. and Teschner, M. and Nebel, B.},
	Date-Added = {2014-12-18 17:19:46 +0000},
	Date-Modified = {2014-12-18 17:22:42 +0000},
	Organization = {IEEE International Workshop on Safety, Security and Rescue Robotics (SSRR)},
	Publisher = {IEEE},
	Title = {{Integrating Symbolic and Geometric Planning for Mobile Manipulation}},
	Year = {2009}}

@techreport{Nilsson1984Shakey,
	Author = {Nilsson, N.},
	Date-Added = {2014-12-18 17:01:47 +0000},
	Date-Modified = {2014-12-18 17:03:20 +0000},
	Institution = {SRI International},
	Number = {323},
	Title = {{Shakey the Robot}},
	Year = {1984}}

@conference{Koval2013Pose-Estimation,
	Author = {Koval, M. and Pollard, N. and Srinivasa, S. S.},
	Date-Added = {2014-11-06 22:03:09 +0000},
	Date-Modified = {2014-11-06 22:05:07 +0000},
	Organization = {IEEE/RSJ International Conference on Intelligent Robots and Systems},
	Title = {{Pose Estimation for Cotact Manipulation with Manifold Particle Filters}},
	Year = {2013}}

@inproceedings{Cohen2012Search-based,
	Author = {Cohen, J. B. and Chitta, S. and Likhachev, M.},
	Booktitle = {IEEE International Conference on Robotics and Automation (ICRA)},
	Date-Added = {2014-11-06 16:41:45 +0000},
	Date-Modified = {2015-01-17 21:18:43 +0000},
	Title = {{Search-based Planning for Dual-arm manipulation with Upright Orientation Constraints}},
	Year = {2012}}

@inproceedings{Konidaris2014Constructing,
	Author = {Konidaris, G. and Kaelbling, L.P. and Lozano-Perez, T.},
	Booktitle = {Association for the Advancement of Artificial Intelligence (AAAI) conference},
	Date-Added = {2014-11-06 15:39:14 +0000},
	Date-Modified = {2015-01-17 21:38:01 +0000},
	Title = {{Constructing Symbolic Representations for High-Level Planning}},
	Year = {2014}}

@inproceedings{Harada2014A-Manipulation,
	Author = {Harada, K. and Tsuji, T. and Laumond, J.-P.},
	Booktitle = {{Proceedings of IEEE International Conference on Robotics and Automation}},
	Date-Added = {2014-11-06 15:28:27 +0000},
	Date-Modified = {2014-11-06 15:31:29 +0000},
	Title = {{A Manipulation Motion Planner for Dual-Arm Industrial Manipulators}},
	Year = {2014}}

@inproceedings{Cohen2014Planning-Single,
	Address = {Berkeley, USA},
	Author = {Cohen, J. B. and Phillips, M. and Likhachev, M.},
	Booktitle = {{Proceedings of Robotics: Science and Systems (RSS)}},
	Date-Added = {2014-11-06 15:22:54 +0000},
	Date-Modified = {2014-11-06 15:24:22 +0000},
	Month = {July},
	Title = {{Planning Single-arm Manipulations with n-Arm Robots}},
	Year = {2014}}

@conference{Harada2012Pick-and-Place,
	Author = {Harada, K. and Foissotte, T. and Tsuji, T. and Nagata, K. and Yamanobe, N. and Nakamura, A. and Kawai, Y.},
	Date-Added = {2014-11-06 15:22:44 +0000},
	Date-Modified = {2014-11-06 15:22:44 +0000},
	Organization = {IEEE Internation Conference on Robotics and Automation},
	Title = {{Pick and Place Planning for Dual-Arm Manipulation}},
	Year = {2012}}

@conference{Vahrenkamp2010Integrated-Gras,
	Author = {Vahrenkamp, N. and Asfour, T. and Dillman, R.},
	Date-Added = {2014-11-05 20:31:57 +0000},
	Date-Modified = {2014-11-05 20:34:58 +0000},
	Month = {May},
	Organization = {IEEE Internation Conference on Robotics and Automation},
	Title = {{Integrated Grasp and Motion Planning}},
	Year = {2010}}

@article{Goraly:2010ij,
	Author = {Goraly, G. and Hassin, R.},
	Date-Added = {2014-01-30 04:34:48 +0000},
	Date-Modified = {2014-01-30 04:35:21 +0000},
	Journal = {Algorithmica},
	Number = {3},
	Title = {{Multi-Color Pebble Motion on Graphs}},
	Volume = {58},
	Year = {2010}}

@article{Auletta:1999hc,
	Author = {Auletta, V. and Monti, A. and Parente, D. and Persiano, G.},
	Date-Added = {2014-01-30 04:33:11 +0000},
	Date-Modified = {2014-01-30 04:34:30 +0000},
	Journal = {Algorithmica},
	Title = {{A Linear Time Algorithm for the Feasibility of Pebble Motion on Trees}},
	Volume = {23},
	Year = {1999}}

@inproceedings{Luna:2011tg,
	Author = {Luna, R. and Bekris, K. E.},
	Booktitle = {International Conference on Intelligent Robots and Systems (IROS)},
	Date-Added = {2014-01-30 04:31:39 +0000},
	Date-Modified = {2014-01-30 04:32:21 +0000},
	Title = {{Efficient and Complete Centralized Multi-Robot Path Planning}},
	Year = {2011}}

@article{Calinescu:2008kl,
	Author = {Calinescu, G. and Dumitrescu, A. and Pach, J.},
	Date-Added = {2014-01-30 04:26:09 +0000},
	Date-Modified = {2014-01-30 04:27:03 +0000},
	Journal = {SIAM Journal on Discrete Mathematics},
	Number = {1},
	Title = {{Reconfigurations in Graphs and Grids}},
	Volume = {22},
	Year = {2008}}

@inproceedings{Kornhauser:1984oq,
	Author = {Kornhauser, D. and Miller, G. and Spirakis, P.},
	Booktitle = {Foundations of Computer Science (FOCS)},
	Date-Added = {2014-01-30 04:23:44 +0000},
	Date-Modified = {2014-01-30 04:24:43 +0000},
	Title = {{Coordinating Pebble Motion on Graphs, the Diameter of Permutation Groups, and Applications}},
	Year = {1984}}

@article{Aronov:1999nx,
	Author = {Aronov, B. and de Berg, M. and van den Stappen, A. F. and Svestka, P. and Vleugels, J.},
	Date-Added = {2014-01-30 04:21:53 +0000},
	Date-Modified = {2014-01-30 04:22:44 +0000},
	Journal = {Discrete and Computational Geometry},
	Number = {4},
	Title = {{Motion Planning for Multiple Robots}},
	Volume = {22},
	Year = {1999}}

@inproceedings{Wagner:2012cr,
	Author = {Wagner, G. and Kang, M. and Choset, H.},
	Booktitle = {IEEE Int. Conf. on Robotics and Automation (ICRA)},
	Date-Added = {2014-01-30 04:19:45 +0000},
	Date-Modified = {2014-01-30 04:20:30 +0000},
	Title = {{Probabilistic Path Planning for Multiple Robots with Subdimensional Expansion}},
	Year = {2012}}

@inproceedings{Yu:2012dq,
	Author = {Yu, J. and LaValle, S. M.},
	Booktitle = {WAFR},
	Date-Added = {2014-01-30 04:18:49 +0000},
	Date-Modified = {2014-01-30 04:19:16 +0000},
	Title = {{Multi-agent Path Planning and Network Flow}},
	Year = {2012}}

@inproceedings{Berg:2005bh,
	Author = {van den Berg, J. and Overmars, M.},
	Booktitle = {International Conference on Intelligent Robots and Systems (IROS)},
	Date-Added = {2014-01-30 04:16:41 +0000},
	Date-Modified = {2014-01-30 04:17:24 +0000},
	Title = {{Prioritized Motion Planning for Multiple Robots}},
	Year = {2005}}

@inproceedings{Leroy:1999qf,
	Author = {Leroy, S. and Laumond, J.-P. and Sim\'{e}on, T.},
	Booktitle = {International Joint Conference on Artificial Intelligence},
	Date-Added = {2014-01-30 04:14:33 +0000},
	Date-Modified = {2014-01-30 04:15:30 +0000},
	Title = {{Multiple Path Coordination for Mobile Robots: A Geometric Algorithm}},
	Year = {1999}}

@inproceedings{Berg:2009ve,
	Author = {van den Berg, J. and Snoeyink, J. and Lin, M. and Manocha, D.},
	Booktitle = {Robotics: Science and Systems (RSS)},
	Date-Added = {2014-01-30 04:11:02 +0000},
	Date-Modified = {2014-01-30 04:11:59 +0000},
	Title = {{Centralized Path Planning for Multiple Robots: Optimal Decoupling into Sequential Plans}},
	Year = {2009}}

@inproceedings{Hauser:2012ly,
	Author = {Hauser, K.},
	Booktitle = {WAFR},
	Date-Added = {2014-01-30 03:56:00 +0000},
	Date-Modified = {2014-01-30 03:56:34 +0000},
	Title = {{The Minimum Constraint Removal Problem with Three Robotics Applications}},
	Year = {2012}}

@inproceedings{Bretl:2004ys,
	Author = {Bretl, T. and Lall, S. and Latombe, J.-C. and Rock, S.},
	Booktitle = {WAFR},
	Date-Added = {2014-01-30 03:46:54 +0000},
	Date-Modified = {2014-01-30 03:47:28 +0000},
	Title = {{Multi-step Motion Planning for Free-Climbing Robots}},
	Year = {2004}}

@article{Zucker:2013vn,
	Author = {Zucker, M. and Ratliff, N. and Dragan, A. and Pivtoraiko, M. and Klingensmith, M. and Dellin, C. and Bagnell, J. A. and Srinivasa, S. S.},
	Date-Added = {2014-01-30 03:10:05 +0000},
	Date-Modified = {2014-01-30 03:12:21 +0000},
	Journal = {IJRR},
	Title = {{CHOMP: Covariant Hamiltonian Optimization for Motion Planning}},
	Year = {2013}}

@article{Halperin:2000uq,
	Author = {Halperin, D. and Latombe, J.-C. and Wilson, R. H.},
	Date-Added = {2014-01-30 02:48:13 +0000},
	Date-Modified = {2014-01-30 02:49:28 +0000},
	Journal = {Algorithmica},
	Number = {3-4},
	Title = {{A General Framework for Assembly Planning: the Motion Space Approach}},
	Volume = {26},
	Year = {2000}}

@article{Wilson:1994fk,
	Author = {Wilson, R. H. and Latombe, J.-C.},
	Date-Added = {2014-01-30 02:46:49 +0000},
	Date-Modified = {2014-01-30 02:47:52 +0000},
	Journal = {Artificial Intelligence Journal},
	Number = {2},
	Title = {{Geometric Reasoning about Mechanical Assembly}},
	Volume = {71},
	Year = {1994}}

@article{Karaman2011Sampling-based-,
	Author = {Karaman, S. and Frazzoli, E.},
	Date-Added = {2014-01-30 02:39:48 +0000},
	Date-Modified = {2014-01-30 02:39:57 +0000},
	Journal = {IJRR},
	Month = {June},
	Number = {7},
	Title = {{Sampling-based Algorithms for Optimal Motion Planning}},
	Volume = {30},
	Year = {2011}}

@article{LaValle2001,
	Author = {LaValle, S. M. and Kuffner, J. J.},
	Date-Added = {2014-01-30 02:39:15 +0000},
	Date-Modified = {2014-01-30 02:40:18 +0000},
	Journal = {IJRR},
	Month = {May},
	Title = {{Randomized Kinodynamic Planning}},
	Volume = {20},
	Year = {2001}}

@article{Kavraki1996Probabilistic-R,
	Author = {Kavraki, L. E. and Svestka, P. and Latombe, J.-C. and Overmars, M.},
	Date-Added = {2014-01-30 02:39:06 +0000},
	Date-Modified = {2014-01-30 02:40:05 +0000},
	Journal = {{IEEE Transactions on Robotics and Automation}},
	Number = {4},
	Title = {{Probabilistic Roadmaps for Path Planning in High-Dimensional Configuration Spaces}},
	Volume = {12},
	Year = {1996}}

@article{Ben-Shahar:1998pi,
	Author = {Ben-Shahar, O. and Rivlin, E.},
	Date-Added = {2014-01-30 01:19:55 +0000},
	Date-Modified = {2014-01-30 01:21:19 +0000},
	Journal = {{IEEE Transactions on Robotics and Automation}},
	Month = {August},
	Number = {4},
	Title = {{Practical Pushing Planning for Rearrangement Tasks}},
	Volume = {14},
	Year = {1998}}

@inproceedings{Stilman:2004qa,
	Author = {Stilman, M. and Kuffner, J.},
	Booktitle = {Journal of Humanoid Robotics},
	Date-Added = {2014-01-30 01:01:46 +0000},
	Date-Modified = {2014-01-30 01:02:23 +0000},
	Title = {{Navigation among Movable Obstacles: Realtime Reasoning in Complex Environments}},
	Year = {2004}}

@inproceedings{Demaine:2000kl,
	Author = {Demaine, E. and O'Rourke, J. and Demaine, M. L.},
	Booktitle = {Proc. of the 12$^th$ Canadian Conf. on Computational Geometry},
	Date-Added = {2014-01-30 01:00:13 +0000},
	Date-Modified = {2014-01-30 01:01:07 +0000},
	Title = {{Pushpush and push-1 are NP-hard in 2D}},
	Year = {2000}}

@inproceedings{Ciocarlie:2010fu,
	Author = {Ciocarlie, M. and Hsiao, K. and Jones, G. E. and Chitta, S. and Rusu, R. B. and Sucan, I. A.},
	Booktitle = {International Symposium on Experimental Robotics (ISER)},
	Date-Added = {2014-01-30 00:30:39 +0000},
	Date-Modified = {2014-01-30 00:32:00 +0000},
	Title = {{Towards Reliable Grasping and Manipulation in Household Environments}},
	Year = {2010}}

@inproceedings{Cohen:2010kx,
	Author = {Cohen, J. B. and Chitta, S. and Likhachev, M.},
	Booktitle = {Proc. of the IEEE Intern. Conf. on Robotics and Automation (ICRA)},
	Date-Added = {2014-01-30 00:28:42 +0000},
	Date-Modified = {2014-01-30 03:06:45 +0000},
	Title = {{Search-based Planning for Manipulation with Motion Primitives}},
	Year = {2010}}

@inproceedings{Mike:2013fv,
	Author = {Mike, P. and Hwang, V. and Chitta, S. and Likhachev, M.},
	Booktitle = {Robotics: Science and Systems (RSS)},
	Date-Added = {2014-01-30 00:25:41 +0000},
	Date-Modified = {2014-01-30 00:26:20 +0000},
	Title = {{Learning to Plan for Constrained Manipulation from Demonstrations}},
	Year = {2013}}

@inproceedings{King:2013bs,
	Author = {King, J. and Klingensmith, M. and Dellin, C. and Dogar, M. and Velagapudi, P. and Pollard, N. and Srinivasa, S. S.},
	Booktitle = {Robotics: Science and Systems (RSS)},
	Date-Added = {2014-01-30 00:24:14 +0000},
	Date-Modified = {2014-01-30 00:25:03 +0000},
	Title = {{Pregrasp Manipulation as Trajectory Optimization}},
	Year = {2013}}

@article{Berenson:2012ij,
	Author = {Berenson, D. and Srinivasa, S. S. and Kuffner, J. J.},
	Date-Added = {2014-01-30 00:20:29 +0000},
	Date-Modified = {2014-01-30 00:21:17 +0000},
	Journal = {IJRR (IJRR)},
	Number = {12},
	Title = {{Task Space Regions: A Framework for Pose-Constrained Manipulation Planning}},
	Volume = {30},
	Year = {2012}}

@inproceedings{Berenson:2009hc,
	Author = {Berenson, D. and Srinivasa, S. S. and Ferguson, D. and Kuffner, J. J.},
	Booktitle = {Proc. of the IEEE Intern. Conf. on Robotics and Automation (ICRA)},
	Date-Added = {2014-01-30 00:18:08 +0000},
	Date-Modified = {2014-01-30 00:19:11 +0000},
	Title = {{Manipulation Planning on Constraint Manifolds}},
	Year = {2009}}

@article{Simeon:2004tg,
	Author = {Sim\'{e}on, T. and Laumond, J.-P. and Cort\'{e}s, J. and Sahbani, A.},
	Date-Added = {2014-01-30 00:12:25 +0000},
	Date-Modified = {2015-01-15 19:40:19 +0000},
	Journal = {IJRR},
	Number = {8},
	Title = {{Manipulation Planning with Probabilistic Roadmaps}},
	Volume = {23},
	Year = {2004}}

@inproceedings{Stilman:2006oq,
	Author = {Stilman, M. and Kuffner, J. J.},
	Booktitle = {Proc. of the WAFR},
	Date-Added = {2014-01-30 00:11:33 +0000},
	Date-Modified = {2014-01-30 00:12:06 +0000},
	Title = {{Planning Among Movable Obstacles with Artificial Constraints}},
	Year = {2006}}

@inproceedings{Nieuwenhuisen:2006nx,
	Author = {Nieuwenhuisen, D. and Frank van der Stappen, A. and Overmars, M. H.},
	Booktitle = {Proc. of the WAFR},
	Date-Added = {2014-01-30 00:09:13 +0000},
	Date-Modified = {2014-01-30 00:10:12 +0000},
	Title = {{An Effective Framework for Path Planning amidst Movable Obstacles}},
	Year = {2006}}

@inproceedings{Ota:2004mi,
	Author = {Ota, J.},
	Booktitle = {Prof. of the IEEE Intern. Conference on Robotics and Automation (ICRA)},
	Date-Added = {2014-01-29 23:59:47 +0000},
	Date-Modified = {2014-01-30 01:19:27 +0000},
	Title = {{Rearrangement Planning of Multiple Movable Objects}},
	Year = {2004}}

@inproceedings{Solovey:2012bh,
	Author = {Solovey, K. and Halperin, D.},
	Booktitle = {WAFR},
	Date-Added = {2014-01-29 23:53:18 +0000},
	Date-Modified = {2014-01-29 23:54:04 +0000},
	Title = {{k-Color Multi-Robot Motion Planning}},
	Year = {2012}}

@inproceedings{Cosgun:2011cr,
	Author = {Cosgun, A. and Hermans, T. and Emeli, V. and Stilman, M.},
	Booktitle = {Proc. of the IEEE Intern. Conf. on Intelligent Robots and Systems (IROS)},
	Date-Added = {2014-01-29 23:52:24 +0000},
	Date-Modified = {2014-01-30 00:06:34 +0000},
	Title = {{Push Planning for Object Placement on Cluttered Table Surfaces}},
	Year = {2011}}


@inproceedings{Berenson:2007ly,
	Author = {Berenson, D. and Diankov, R. and Nishiwaki, K. and Kagami, S. and Kuffner, J. J.},
	Booktitle = {Proc. of IEEE-RAS International Conference on Humanoid Robots},
	Date-Added = {2014-01-29 23:50:44 +0000},
	Date-Modified = {2014-01-29 23:51:23 +0000},
	Title = {{Grasp Planning in Complex Scenes}},
	Year = {2007}}


@inproceedings{Wilfong:1988ys,
	Address = {New York City, NY, USA},
	Author = {Wilfong, G.},
	Booktitle = {{Proc. of the $4^{th}$ Annyal Symp. of Computational Geometry}},
	Date-Added = {2014-01-29 23:49:07 +0000},
	Date-Modified = {2014-01-30 00:57:54 +0000},
	Publisher = {ACM},
	Title = {{Motion Planning in the Presence of Movable Obstacles}},
	Year = {1988}}

@inproceedings{Berg:2008vn,
	Author = {van den Berg, J. and Stilman, M. and Kuffner, J. J. and Lin, M. and Manocha, D.},
	Booktitle = {WAFR},
	Date-Added = {2014-01-29 23:46:11 +0000},
	Date-Modified = {2014-01-29 23:48:44 +0000},
	Title = {{Path Planning Among Movable Obstacles: A Probabilistically Complete Approach}},
	Year = {2008}}

@inproceedings{Levinh:2012kx,
	Author = {Levinh, M. and Scholz, J. and Stilman, M.},
	Booktitle = {WAFR},
	Date-Added = {2014-01-29 23:45:15 +0000},
	Date-Modified = {2014-01-29 23:45:57 +0000},
	Title = {{Hierarchical Decision Theoretic Planning for Navigation Among Movable Obstacles}},
	Year = {2012}}

@inproceedings{Chen:1991fk,
	Author = {Chen, P. C. and Hwang, Y. K.},
	Booktitle = {Proc. of the IEEE Intern. Conf. on Robotics and Automation},
	Date-Added = {2014-01-29 23:42:41 +0000},
	Date-Modified = {2014-01-30 00:48:41 +0000},
	Title = {{Practical Path Planning Among Movable Obstacles}},
	Year = {1991}}

@inproceedings{Sundaram2001Disassembly-Seq,
	Address = {Washington, D.C.},
	Author = {Sundaram, S. and Remmler, I. and Amato, N. M.},
	Booktitle = {IEEE Int. Conf. on Robotics and Automation (ICRA)},
	Date-Added = {2014-01-29 23:41:50 +0000},
	Date-Modified = {2014-01-29 23:41:50 +0000},
	Month = {May},
	Title = {{Disassembly Sequencing Using a Motion Planning Approach}},
	Year = {2001}}

@article{Kaelbling2012Integrated-Robot,
	Author = {Kaelbling, L.P. and Lazano-P\'{e}rez, T.},
	Date-Added = {2014-01-29 23:39:09 +0000},
	Date-Modified = {2014-01-29 23:39:09 +0000},
	Journal = {Computer Science and Artificial Intelligence Laboratory Technical Report},
	Month = {June},
	Title = {{Integrated Robot Task and Motion Planning in the Now}},
	Year = {2012}}

@inproceedings{Hauser2013Minimum-Constraint,
	Author = {Hauser, K.},
	Booktitle = {Robotics: Science and Systems (RSS)},
	Date-Added = {2014-01-29 23:38:43 +0000},
	Date-Modified = {2014-01-30 00:44:20 +0000},
	Title = {{Minimum Constraint Displacement Motion Planning}},
	Year = {2013}}

@article{Hauser2011Randomized-Multi-Modal-,
	Author = {Hauser, K. and Ng-Thow-Hing, V.},
	Date-Added = {2014-01-29 23:38:38 +0000},
	Date-Modified = {2015-01-18 01:16:06 +0000},
	Journal = {International Journal of Robotics Research},
	Number = {6},
	Title = {{Randomized Multi-Modal Motion Planning for a Humanoid Robot Manipulation Task}},
	Volume = {30},
	Year = {2011}}

@article{Cambon2009A-Hybrid-Approach-,
	Author = {Cambon, S. and Alami, R. and Gravot, F.},
	Date-Added = {2014-01-29 23:37:43 +0000},
	Date-Modified = {2015-01-17 19:24:29 +0000},
	Journal = {International Journal of Robotics Research},
	Number = {1},
	Organization = {International Journal f Robotics Research},
	Title = {{A Hybrid Approach to Intricate Motion, Manipulation, and Task Planning}},
	Volume = {28},
	Year = {2009}}

@inproceedings{Alami:1989uq,
	Author = {Alami, R. and Sim\'{e}on, T. and Laumond, J.-P.},
	Booktitle = {Proc. of International Symposium on Robotics Research},
	Date-Added = {2014-01-27 03:59:45 +0000},
	Date-Modified = {2014-01-27 04:01:55 +0000},
	Title = {{A Geometrical Approach to Planning Manipulation Tasks}},
	Year = {1989}}

@incollection{Alami:1997fk,
	Address = {Wellesley, MA},
	Author = {Alami, R. and Laumond, J.-P. and Sim\'eon, T.},
	Booktitle = {Algorithms for Robotic Motion and Manipulation},
	Date-Added = {2014-01-27 03:55:37 +0000},
	Date-Modified = {2014-01-27 04:06:11 +0000},
	Editor = {Laumond, J.-P. and Overmars, M.},
	Publisher = {A. K. Peters},
	Title = {{Two Manipulation Planning Algorithms}},
	Year = {1997}}

@incollection{pelling77,
	Address = {Madison, WI},
	Author = {M. J. Pelling},
	Booktitle = {'The American Mathematical Monthly, Vol. 84, No. 6'},
	Editor = {Richard A. Brualdi},
	Publisher = {Mathematical Association of America},
	Title = {Formulae for the Arc-Length of a Curve in $R^N$},
	Url = {http://www.jstor.org/stable/2321907},
	Year = {1977},
	Bdsk-Url-1 = {http://www.jstor.org/stable/2321907}}

@Article{TrePavFra13,
  Title                    = {Asymptotically Optimal Algorithms for One-to-one Pickup and Delivery Problems with Applications to Transportation Systems},
  Author                   = {K. Treleaven and M. Pavone and E. Frazzoli},
  Journal                  = TAC,
  Year                     = {2013},
  Number                   = {9},
  Volume                   = {59}
}

@Article{AjtKomTus84,
  Title                    = {On optimal matchings},
  Author                   = {M. Ajtai and J. Koml{\'o}s and G. Tusn{\'a}dy},
  Journal                  = {Combinatorica},
  Year                     = {1984},
  Number                   = {4},
  Volume                   = {4},

  Abstract                 = {Given n random red points on the unit square, the transportation cost between them is tipically ? n log n .},
  Doi                      = {10.1007/BF02579135},
  File                     = {SpringerLink Full Text PDF:D:\Papers\.Zotero\storage\7EXGUWN2\Ajtai et al. - 1984 - On optimal matchings.pdf:application/pdf},
  ISSN                     = {0209-9683},
  Keywords                 = {Mathematics and Statistics},
  Urldate                  = {2012-09-16}
}

@inproceedings{frederickson1976approximation,
  title={Approximation algorithms for some routing problems},
  author={Frederickson, Greg N and Hecht, Matthew S and Kim, Chul E},
  booktitle={Foundations of Computer Science, 1976., 17th Annual Symposium on},
  year={1976},
  organization={IEEE}
}

@article{rathinam2006matroid,
  title={Matroid Intersection and its application to a Multiple Depot, Multiple TSP},
  author={Rathinam, Sivakumar and Sengupta, Raja},
  year={2006}
}

@incollection{friggstad2013multiple,
  title={Multiple traveling salesmen in asymmetric metrics},
  author={Friggstad, Zachary},
  booktitle={Approximation, Randomization, and Combinatorial Optimization. Algorithms and Techniques},
  year={2013},
  publisher={Springer}
}

@article{garg2000polylogarithmic,
  title={A polylogarithmic approximation algorithm for the group Steiner tree problem},
  author={Garg, Naveen and Konjevod, Goran and Ravi, R},
  journal={Journal of Algorithms},
  volume={37},
  number={1},
  year={2000},
  publisher={Elsevier}
}

@article{slavik1997errand,
  title={Errand Scheduling Problem},
  author={Slavik, Petr},
  year={1997}
}

@article{coltin2014multi,
  title={Multi-agent pickup and delivery planning with transfers},
  author={Coltin, Brian},
  year={2014}
}

@article{lenstra1981complexity,
  title={Complexity of vehicle routing and scheduling problems},
  author={Lenstra, Jan Karel and Kan, AHG},
  journal={Networks},
  volume={11},
  number={2},
  year={1981},
  publisher={Wiley Online Library}
}

@article{parragh2008survey,
  title={A survey on pickup and delivery models part ii: Transportation between pickup and delivery locations},
  author={Parragh, Sophie N and Doerner, Karl F and Hartl, Richard F},
  journal={Journal f{\"u}r Betriebswirtschaft},
  volume={58},
  number={2},
  year={2008}
}
@article{savelsbergh1995general,
  title={The general pickup and delivery problem},
  author={Savelsbergh, Martin WP and Sol, Marc},
  journal={Transportation science},
  volume={29},
  number={1},
  year={1995},
  publisher={INFORMS}
}
@article{caricato2003parallel,
  title={Parallel tabu search for a pickup and delivery problem under track contention},
  author={Caricato, Pierpaolo and Ghiani, Gianpaolo and Grieco, Antonio and Guerriero, Emanuela},
  journal={Parallel Computing},
  volume={29},
  number={5},
  year={2003},
  publisher={Elsevier}
}

@book{santalo2004integral,
  title={Integral geometry and geometric probability},
  author={Santal{\'o}, Luis A},
  year={2004},
  publisher={Cambridge university press}
}

@article{yu2015target,
  title={Target assignment in robotic networks: Distance optimality guarantees and hierarchical strategies},
  author={Yu, Jingjin and Chung, Soon-Jo and Voulgaris, Petros G},
  journal={IEEE Transactions on Automatic Control},
  volume={60},
  number={2},
  year={2015},
  publisher={IEEE}
}

@article{aronov1999motion,
  title={Motion planning for multiple robots},
  author={Aronov, Boris and de Berg, Mark and van der Stappen, A Frank and {\v{S}}vestka, Petr and Vleugels, Jules},
  journal={Discrete \& Computational Geometry},
  volume={22},
  number={4},
  year={1999},
  publisher={Springer}
}

@article{solovey2015motion,
  title={Motion planning for unlabeled discs with optimality guarantees},
  author={Solovey, Kiril and Yu, Jingjin and Zamir, Or and Halperin, Dan},
  journal={arXiv preprint arXiv:1504.05218},
  year={2015}
}

@article{solovey2016hardness,
  title={On the hardness of unlabeled multi-robot motion planning},
  author={Solovey, Kiril and Halperin, Dan},
  journal={IJRR},
  volume={35},
  number={14},
  year={2016},
  publisher={SAGE Publications Sage UK: London, England}
}

@inproceedings{van2005prioritized,
  title={Prioritized motion planning for multiple robots},
  author={Van Den Berg, Jur P and Overmars, Mark H},
  booktitle={IROS},
  year={2005}
}

@inproceedings{leroy1999multiple,
  title={Multiple path coordination for mobile robots: A geometric algorithm},
  author={Leroy, Stephane and Laumond, Jean-Paul and Sim{\'e}on, Thierry},
  booktitle={IJCAI},
  volume={99},
  year={1999}
}

@article{wilson1994geometric,
  title={Geometric reasoning about mechanical assembly},
  author={Wilson, Randall H and Latombe, Jean-Claude},
  journal={Artificial Intelligence},
  volume={71},
  number={2},
  year={1994},
  publisher={Elsevier}
}

@article{halperin2000general,
  title={A general framework for assembly planning: The motion space approach},
  author={Halperin, Dan and Latombe, J-C and Wilson, Randall H},
  journal={Algorithmica},
  volume={26},
  number={3-4},
  year={2000},
  publisher={Springer}
}

@inproceedings{sundaram2001disassembly,
  title={Disassembly sequencing using a motion planning approach},
  author={Sundaram, Sujay and Remmler, Ian and Amato, Nancy M},
  booktitle={Robotics and Automation, 2001. Proceedings 2001 ICRA. IEEE International Conference on},
  volume={2},
  year={2001},
  organization={IEEE}
}

@mastersthesis{kornhauser1984coordinating,
  title={Coordinating pebble motion on graphs, the diameter of permutation groups, and applications},
  author={Kornhauser, Daniel Martin and Miller, Gary L and Spirakis, Paul G},
  year={1984},
  school={M. I. T., Dept. of Electrical Engineering and Computer Science}
}

@article{cualinescu2008reconfigurations,
  title={Reconfigurations in graphs and grids},
  author={C{\u{a}}linescu, Gruia and Dumitrescu, Adrian and Pach, J{\'a}nos},
  journal={SIAM Journal on Discrete Mathematics},
  volume={22},
  number={1},
  year={2008},
  publisher={SIAM}
}

@article{auletta1999linear,
  title={A linear-time algorithm for the feasibility of pebble motion on trees},
  author={Auletta, Vincenzo and Monti, Angelo and Parente, Mimmo and Persiano, Pino},
  journal={Algorithmica},
  volume={23},
  number={3},
  year={1999},
  publisher={Springer}
}

@article{goraly2010multi,
  title={Multi-color pebble motion on graphs},
  author={Goraly, Gilad and Hassin, Refael},
  journal={Algorithmica},
  volume={58},
  number={3},
  year={2010},
  publisher={Springer}
}

@inproceedings{wagner2012probabilistic,
  title={Probabilistic path planning for multiple robots with subdimensional expansion},
  author={Wagner, Glenn and Kang, Minsu and Choset, Howie},
  booktitle={ICRA},
  year={2012}
}

@article{sharon2015conflict,
  title={Conflict-based search for optimal multi-agent pathfinding},
  author={Sharon, Guni and Stern, Roni and Felner, Ariel and Sturtevant, Nathan R},
  journal={Artificial Intelligence},
  volume={219},
  year={2015},
  publisher={Elsevier}
}

@incollection{yu2013multi,
  title={Multi-agent path planning and network flow},
  author={Yu, Jingjin and LaValle, Steven M},
  booktitle={Algorithmic Foundations of Robotics X},
  year={2013},
  publisher={Springer}
}

@article{yu2016optimal,
  title={Optimal multirobot path planning on graphs: Complete algorithms and effective heuristics},
  author={Yu, Jingjin and LaValle, Steven M},
  journal={IEEE Transactions on Robotics},
  volume={32},
  number={5},
  year={2016},
  publisher={IEEE}
}



@article{wilfong1991motion,
  title={Motion planning in the presence of movable obstacles},
  author={Wilfong, Gordon},
  journal={Annals of Mathematics and Artificial Intelligence},
  volume={3},
  number={1},
  year={1991},
  publisher={Springer}
}

@inproceedings{chen1991practical,
  title={Practical path planning among movable obstacles},
  author={Chen, Pang C and Hwang, Yong K},
  booktitle={Robotics and Automation, 1991. Proceedings., 1991 IEEE International Conference on},
  year={1991},
  organization={IEEE}
}

@article{demaine2000pushpush,
  title={PushPush and Push-1 are NP-hard in 2D},
  author={Demaine, Erik D and Demaine, Martin L and O'Rourke, Joseph},
  journal={arXiv preprint cs/0007021},
  year={2000}
}

@incollection{nieuwenhuisen2008effective,
  title={An effective framework for path planning amidst movable obstacles},
  author={Nieuwenhuisen, Dennis and van der Stappen, A Frank and Overmars, Mark H},
  booktitle={Algorithmic Foundation of Robotics VII},
  year={2008},
  publisher={Springer}
}

@incollection{van2009path,
  title={Path planning among movable obstacles: a probabilistically complete approach},
  author={Van Den Berg, Jur and Stilman, Mike and Kuffner, James and Lin, Ming and Manocha, Dinesh},
  booktitle={Algorithmic Foundation of Robotics VIII},
  year={2009},
  publisher={Springer}
}

@inproceedings{stilman2007manipulation,
  title={Manipulation planning among movable obstacles},
  author={Stilman, Mike and Schamburek, Jan-Ullrich and Kuffner, James and Asfour, Tamim},
  booktitle={ICRA},
  year={2007}
}

@article{ben1998practical,
  title={Practical pushing planning for rearrangement tasks},
  author={Ben-Shahar, Ohad and Rivlin, Ehud},
  journal={IEEE Transactions on Robotics and Automation},
  volume={14},
  number={4},
  year={1998},
  publisher={IEEE}
}

@inproceedings{ota2004rearrangement,
  title={Rearrangement of multiple movable objects-integration of global and local planning methodology},
  author={Ota, Jun},
  booktitle={ICRA},
  volume={2},
  year={2004}
}

@inproceedings{havur2014geometric,
  title={Geometric rearrangement of multiple movable objects on cluttered surfaces: A hybrid reasoning approach},
  author={Havur, Giray and Ozbilgin, Guchan and Erdem, Esra and Patoglu, Volkan},
  booktitle={ICRA},
  year={2014}
}

@inproceedings{srivastava2014combined,
  title={Combined task and motion planning through an extensible planner-independent interface layer},
  author={Srivastava, Siddharth and Fang, Eugene and Riano, Lorenzo and Chitnis, Rohan and Russell, Stuart and Abbeel, Pieter},
  booktitle={ICRA},
  year={2014}
}


@article{simeon2004manipulation,
  title={Manipulation planning with probabilistic roadmaps},
  author={Sim{\'e}on, Thierry and Laumond, Jean-Paul and Cort{\'e}s, Juan and Sahbani, Anis},
  journal={IJRR},
  volume={23},
  number={7-8},
  year={2004},
  publisher={SAGE Publications}
}

@article{berenson2011task,
  title={Task space regions: A framework for pose-constrained manipulation planning},
  author={Berenson, Dmitry and Srinivasa, Siddhartha and Kuffner, James},
  journal={IJRR},
  volume={30},
  number={12},
  year={2011},
  publisher={SAGE Publications Sage UK: London, England}
}

@article{cohen2014single,
  title={Single-and dual-arm motion planning with heuristic search},
  author={Cohen, Benjamin and Chitta, Sachin and Likhachev, Maxim},
  journal={IJRR},
  volume={33},
  number={2},
  year={2014},
  publisher={SAGE Publications Sage UK: London, England}
}


@article{bohg2014data,
  title={Data-driven grasp synthesis—a survey},
  author={Bohg, Jeannette and Morales, Antonio and Asfour, Tamim and Kragic, Danica},
  journal={IEEE Transactions on Robotics},
  volume={30},
  number={2},
  year={2014},
  publisher={IEEE}
}
@article{han2017complexity,
  title={Complexity Results and Fast Methods for Optimal Tabletop Rearrangement with Overhand Grasps},
  author={Han, Shuai D and Stiffler, Nicholas M and Krontiris, Athanasios and Bekris, Kostas E and Yu, Jingjin},
  journal={arXiv preprint arXiv:1711.07369},
  year={2017}
}
@inproceedings{krontiris2015dealing,
  title={Dealing with Difficult Instances of Object Rearrangement.},
  author={Krontiris, Athanasios and Bekris, Kostas E},
  booktitle={Robotics: Science and Systems},
  year={2015}
}
@inproceedings{krontiris2016efficiently,
  title={Efficiently solving general rearrangement tasks: A fast extension primitive for an incremental sampling-based planner},
  author={Krontiris, Athanasios and Bekris, Kostas E},
  booktitle={ICRA},
  year={2016}
}


@article{cambon2009hybrid,
  title={A hybrid approach to intricate motion, manipulation and task planning},
  author={Cambon, St{\'e}phane and Alami, Rachid and Gravot, Fabien},
  journal={IJRR},
  volume={28},
  number={1},
  year={2009},
  publisher={SAGE Publications Sage UK: London, England}
}
@inproceedings{plaku2010sampling,
  title={Sampling-based motion and symbolic action planning with geometric and differential constraints},
  author={Plaku, Erion and Hager, Gregory D},
  booktitle={ICRA},
  year={2010},
  organization={IEEE}
}
@inproceedings{gharbi2015combining,
  title={Combining symbolic and geometric planning to synthesize human-aware plans: toward more efficient combined search.},
  author={Gharbi, Mamoun and Lallement, Raphael and Alami, Rachid},
  booktitle={IROS},
  year={2015},
  organization={IEEE}
}
@inproceedings{dantam2016incremental,
  title={Incremental Task and Motion Planning: A Constraint-Based Approach.},
  author={Dantam, Neil T and Kingston, Zachary K and Chaudhuri, Swarat and Kavraki, Lydia E},
  booktitle={Robotics: Science and Systems},
  year={2016}
}


@inproceedings{vega2016asymptotically,
  title={Asymptotically optimal planning under piecewise-analytic constraints},
  author={Vega-Brown, William and Roy, Nicholas},
  booktitle={WAFR},
  year={2016}
}

@misc{gurobi,
   author = "Gurobi Optimization, Inc.",
   title = "Gurobi Optimizer Reference Manual",
   year = 2016
 }
 
 @article{edmonds1965maximum,
   title={Maximum matching and a polyhedron with 0, 1-vertices},
   author={Edmonds, Jack},
   journal={Journal of research of the National Bureau of Standards B},
   volume={69},
   number={125-130},
   year={1965}
 }
 
 @article{galil1986ev,
   title={An {O}({EV} log {V}) Algorithm for Finding a Maximal Weighted Matching in General Graphs},
   author={Galil, Zvi and Micali, Silvio and Gabow, Harold},
   journal={SIAM Journal on Computing},
   volume={15},
   number={1},
   year={1986},
   publisher={SIAM}
 }
 
 @article{dezsHo2011lemon,
   title={LEMON--an open source C++ graph template library},
   author={Dezs{\H{o}}, Bal{\'a}zs and J{\"u}ttner, Alp{\'a}r and Kov{\'a}cs, P{\'e}ter},
   journal={Electronic Notes in Theoretical Computer Science},
   volume={264},
   number={5},
   year={2011},
   publisher={Elsevier}
 }
 @article{kirkpatrick2016characterizing,
   title={Characterizing minimum-length coordinated motions for two discs},
   author={Kirkpatrick, David and Liu, Paul},
   journal={arXiv preprint arXiv:1607.04005},
   year={2016}
 }
@article{correll2016analysis,
	title={Analysis and observations from the first amazon picking challenge},
	author={Correll, Nikolaus and Bekris, Kostas E and Berenson, Dmitry and Brock, Oliver and Causo, Albert and Hauser, Kris and Okada, Kei and Rodriguez, Alberto and Romano, Joseph M and Wurman, Peter R},
	journal={IEEE Transactions on Automation Science and Engineering},
	year={2016},
	publisher={IEEE}
}
@article {193,
	title = {Complexity Results and Fast Methods for Optimal Tabletop Rearrangement with Overhand Grasps},
	journal = {IJRR},
	year = {2018},
	month = {accepted},
	author = {S. D. Han and N. Stiffler and A. Krontiris and K. Bekris and J. Yu}
}
@inproceedings{vega2016asymptotically,
	title={Asymptotically optimal planning under piecewise-analytic constraints},
	author={Vega-Brown, William and Roy, Nicholas},
	booktitle={WAFR},
	year={2016}
}
@inproceedings{schmitt2017optimal,
	title={Optimal, sampling-based manipulation planning},
	author={Schmitt, Philipp S and Neubauer, Werner and Feiten, Wendelin and Wurm, Kai M and Wichert, Georg V and Burgard, Wolfram},
	booktitle={ICRA},
	year={2017},
	organization={IEEE}
}

@article {rennie_dataset,
	title = {A Dataset For Improved Rgbd-Based Object Detection And Poe Estimation For Warehouse Pick-And-Place},
	author = {Rennie, C. and Shome, R. and Bekris, K. E. and De Souza, F. A.},
	journal = {IEEE Robotics and Automation Letters (RA-L)},
	year = {2016}
}

@article{ghosh1951random,
  title={Random distances within a rectangle and between two rectangles},
  author={Ghosh, Birendranath},
  journal={Bulletin Calcutta Math Soc.},
  volume={43},
  year={1951}
}


@inproceedings{shome2017improving,
  title={Improving the scalability of asymptotically optimal motion planning for humanoid dual-arm manipulators},
  author={Shome, Rahul and Bekris, Kostas E},
  booktitle={Humanoids},
  year={2017}
}



@conference {166,
	title = {Evaluating End-Effector Modalities for Warehouse Picking: A Vacuum Gripper vs a 3-finger Underactuated Hand},
	booktitle = {CASE},
	year = {2016},
	author = {Littlefield, Z. and Zhu, S. and Kourtev, C. and Psarakis, Z. and Shome, R. and Kimmel, A. and Dobson, A. and Ferreira De Souza, A. and Bekris, K. E.}
}
@article{baker2007exploration,
  title={An exploration of warehouse automation implementations: cost, service and flexibility issues},
  author={Baker, Peter and Halim, Zaheed},
  journal={Supply Chain Management: An International Journal},
  volume={12},
  number={2},
  year={2007},
  publisher={Emerald Group Publishing Limited}
}
@article{d2012guest,
  title={Guest editorial: A revolution in the warehouse: A retrospective on kiva systems and the grand challenges ahead},
  author={D'Andrea, Raffaello},
  journal={TASE},
  volume={9},
  number={4},
  year={2012},
  publisher={IEEE}
}

@conference {175,
	title = {A Self-supervised Learning System for Object Detection using Physics Simulation and Multi-view Pose Estimation},
	booktitle = {IROS},
	year = {2017},
	author = {Mitash, C. and Bekris, K. E. and Boularias, A.}
}
@conference {189,
	title = {Improving 6D Pose Estimation of Objects in Clutter via Physics-aware Monte Carlo Tree Search},
	booktitle = {IEEE International Conference on Robotics and Automation (ICRA)},
	year = {2018},
	author = {Mitash, C. and Boularias, A. and Bekris, K. E.}
}
@conference {stocs,
	title = {Robust 6D Object Pose Estimation with Stochastic Congruent Sets},
	booktitle = {British Machine Vision Conference},
	year = {2018},
	author = {Mitash, C. and Boularias, A. and Bekris, K. E.}
}
@inproceedings{long2015fully,
  title={Fully convolutional networks for semantic segmentation},
  author={Long, Jonathan and Shelhamer, Evan and Darrell, Trevor},
  booktitle={Proceedings of the IEEE conference on computer vision and pattern recognition},
  year={2015}
}
@inproceedings{he2017mask,
  title={Mask r-cnn},
  author={He, Kaiming and Gkioxari, Georgia and Doll{\'a}r, Piotr and Girshick, Ross},
  booktitle={Proceedings of the IEEE international conference on computer vision},
  pages={2961--2969},
  year={2017}
}

@article{chitta2012moveit,
  title={Moveit!},
  author={Chitta, Sachin and Sucan, Ioan and Cousins, Steve},
  journal={IEEE Robotics \& Automation Magazine},
  volume={19},
  number={1},
  year={2012},
  publisher={IEEE}
}
@inproceedings{chavan2015prehensile,
  title={Prehensile pushing: In-hand manipulation with push-primitives},
  author={Chavan-Dafle, Nikhil and Rodriguez, Alberto},
  booktitle={Intelligent Robots and Systems (IROS), 2015 IEEE/RSJ International Conference on},
  pages={6215--6222},
  year={2015},
  organization={IEEE}
}

@inproceedings{king2015nonprehensile,
  title={Nonprehensile whole arm rearrangement planning on physics manifolds},
  author={King, Jennifer E and Haustein, Joshua A and Srinivasa, Siddhartha S and Asfour, Tamim},
  booktitle={Robotics and Automation (ICRA), 2015 IEEE International Conference on},
  pages={2508--2515},
  year={2015},
  organization={IEEE}
}
@inproceedings{cosgun2011push,
  title={Push planning for object placement on cluttered table surfaces},
  author={Cosgun, Akansel and Hermans, Tucker and Emeli, Victor and Stilman, Mike},
  booktitle={Intelligent Robots and Systems (IROS), 2011 IEEE/RSJ International Conference on},
  pages={4627--4632},
  year={2011},
  organization={IEEE}
}

@inproceedings{lynch1999toppling,
  title={Toppling manipulation},
  author={Lynch, Kevin M},
  booktitle={Proceedings 1999 IEEE International Conference on Robotics and Automation},
  volume={4},
  pages={2551--2557},
  year={1999},
  organization={IEEE}
}

@inproceedings{schwarz2018fast,
  title={Fast object learning and dual-arm coordination for cluttered stowing, picking, and packing},
  author={Schwarz, Max and Lenz, Christian and Garc{\'\i}a, Germ{\'a}n Mart{\'\i}n and Koo, Seongyong and Periyasamy, Arul Selvam and Schreiber, Michael and Behnke, Sven},
  booktitle={2018 IEEE International Conference on Robotics and Automation (ICRA)},
  pages={3347--3354},
  year={2018},
  organization={IEEE}
}
@inproceedings{morrison2018cartman,
  title={Cartman: The low-cost cartesian manipulator that won the amazon robotics challenge},
  author={Morrison, Douglas and Tow, Adam W and McTaggart, M and Smith, R and Kelly-Boxall, N and Wade-McCue, S and Erskine, J and Grinover, R and Gurman, A and Hunn, T and others},
  booktitle={2018 IEEE International Conference on Robotics and Automation (ICRA)},
  pages={7757--7764},
  year={2018},
  organization={IEEE}
}
@inproceedings{zeng2018robotic,
  title={Robotic pick-and-place of novel objects in clutter with multi-affordance grasping and cross-domain image matching},
  author={Zeng, Andy and Song, Shuran and Yu, Kuan-Ting and Donlon, Elliott and Hogan, Francois R and Bauza, Maria and Ma, Daolin and Taylor, Orion and Liu, Melody and Romo, Eudald and others},
  booktitle={2018 IEEE International Conference on Robotics and Automation (ICRA)},
  pages={1--8},
  year={2018},
  organization={IEEE}
}

@article{yu2016summary,
  title={A summary of team mit's approach to the amazon picking challenge 2015},
  author={Yu, Kuan-Ting and Fazeli, Nima and Chavan-Dafle, Nikhil and Taylor, Orion and Donlon, Elliott and Lankenau, Guillermo Diaz and Rodriguez, Alberto},
  journal={arXiv preprint arXiv:1604.03639},
  year={2016}
}

@inproceedings{schwarz2017nimbro,
  title={Nimbro picking: Versatile part handling for warehouse automation},
  author={Schwarz, Max and Milan, Anton and Lenz, Christian and Munoz, Aura and Periyasamy, Arul Selvam and Schreiber, Michael and Sch{\"u}ller, Sebastian and Behnke, Sven},
  booktitle={2017 IEEE International Conference on Robotics and Automation (ICRA)},
  pages={3032--3039},
  year={2017},
  organization={IEEE}
}

@inproceedings{wang2019stable,
  title={Stable bin packing of non-convex 3D objects with a robot manipulator},
  author={Wang, Fan and Hauser, Kris},
  booktitle={2019 International Conference on Robotics and Automation (ICRA)},
  pages={8698--8704},
  year={2019},
  organization={IEEE}
}

@inproceedings{correa2019robust,
  title={Robust Toppling for Vacuum Suction Grasping},
  author={Correa, Christopher and Mahler, Jeffrey and Danielczuk, Michael and Goldberg, Ken},
  booktitle={2019 IEEE 15th International Conference on Automation Science and Engineering (CASE)},
  pages={1421--1428},
  year={2019},
  organization={IEEE}
}

@inproceedings{cheng2019manipulation,
  title={Manipulation with suction cups using external contacts},
  author={Cheng, Xianyi and Hou, Yifan and Mason, Matthew T},
  booktitle={International Symposium on Robotics Research (ISRR)},
  year={2019}
}

@article{mitash2019scene,
  title={Scene-level Pose Estimation for Multiple Instances of Densely Packed Objects},
  author={Mitash, Chaitanya and Wen, Bowen and Bekris, Kostas and Boularias, Abdeslam},
  journal={arXiv preprint arXiv:1910.04953},
  year={2019}
}

@misc{Exclusiv46:online,
author = {},
title = {Amazon rolls out machines that pack orders and replace jobs - Reuters},
howpublished = {\url{https://www.reuters.com/article/us-amazon-com-automation-exclusive/exclusive-amazon-rolls-out-machines-that-pack-orders-and-replace-jobs-idUSKCN1SJ0X1}},
month = {},
year = {},
note = {(Accessed on 05/15/2020)}
}
@misc{PickingP56:online,
author = {},
title = {Picking \& Packing Industry's Most Trusted Robots | FANUC America},
howpublished = {\url{https://www.fanucamerica.com/solutions/applications/picking-and-packing-robots}},
month = {},
year = {},
note = {(Accessed on 05/15/2020)}
}
@misc{Top7Robo36:online,
author = {},
title = {Top 7 Robotic Applications in Food Packaging},
howpublished = {\url{https://blog.robotiq.com/top-7-robotic-applications-in-food-packaging}},
month = {},
year = {},
note = {(Accessed on 05/15/2020)}
}
@misc{fallas2015case,
  title={Case packing system having robotic pick and place mechanism and dual dump bins},
  author={Fallas, David M},
  year={2015},
  month=apr # "~7",
  publisher={Google Patents},
  note={US Patent 8,997,438}
}
@misc{HandleB4:online,
author = {},
title = {Handle | Boston Dynamics},
howpublished = {\url{https://www.bostondynamics.com/handle}},
month = {},
year = {},
note = {(Accessed on 05/15/2020)}
}
@misc{Robotsfo58:online,
author = {},
title = {Robots for packaging industry\_robotics\_Discrete automation and motion division\_ABB.pdf},
howpublished = {\url{https://library.e.abb.com/public/90cbaf37724492a4c1257b6700492591/Robots%20for%20packaging%20industry_robotics_Discrete%20automation%20and%20motion%20division_ABB.pdf}},
month = {},
year = {},
note = {(Accessed on 05/15/2020)}
}
@article{perez2018automation,
  title={Automation of product packaging for industrial applications},
  author={P{\'e}rez-Vidal, Carlos and Gracia, Luis and de Paco, JM and Wirkus, Malte and Azor{\'\i}n, Jos{\'e} Maria and de Gea, Jose},
  journal={International Journal of Computer Integrated Manufacturing},
  volume={31},
  number={2},
  pages={129--137},
  year={2018},
  publisher={Taylor \& Francis}
}
@article{chua2003robotic,
  title={Robotic manipulation of food products--a review},
  author={Chua, Ping Yong and Ilschner, T and Caldwell, Darwin G},
  journal={Industrial Robot: An International Journal},
  year={2003},
  publisher={MCB UP Ltd}
}
@inproceedings{chong2018innovative,
  title={An Innovative Robotics Stowing Strategy For Inventory Replenishment In Automated Storage And Retrieval System},
  author={Chong, Zheng-Hao and Luxman, Ramamoorthy and Pang, Wee-Ching and Yi, Zhao and Meixuan, Ren and Tju, Hendra Suratno and Causo, Albert and Chen, I-Ming},
  booktitle={2018 15th International Conference on Control, Automation, Robotics and Vision (ICARCV)},
  pages={305--310},
  year={2018},
  organization={IEEE}
}
@misc{PickPlac39:online,
author = {},
title = {Pick \& Place Robots | Robotic Picking \& Packing | Motoman},
howpublished = {\url{https://www.motoman.com/en-us/applications/picking-packing#!}},
month = {},
year = {},
note = {(Accessed on 05/15/2020)}
}
@misc{VacuumGr56:online,
author = {},
title = {Vacuum Grippers - Robotiq},
howpublished = {\url{https://robotiq.com/applications}},
month = {},
year = {},
note = {(Accessed on 05/15/2020)}
}

@misc{robotpackinglinks,
author = {},
title = {Related resources on robotic packing in industrial deployments},
howpublished = {\url{https://robotpacking.org/industrial_automation.html}},
month = {},
year = {}
}